3604 5356
271 417 341 484 ‘56

299 605 383 670 certe
415 602 540 669 ineunti·
570 603 693 668 saeculo
725 607 835 684 quarto
871 601 988 684 optime
1019 599 1182 682 convenit,
1220 599 1303 682 qnod
1336 601 1533 672 διδάσκαλος

299 708 416 792 primo,
440 708 578 786 αὐλητὴς
607 706 705 771 altero
728 705 795 769 loco
816 704 938 788 positus
961 708 1019 769 est.
1044 703 1186 770 secentas
1207 721 1330 786 quoqne
1354 703 1533 780 certamina,

301 831 379 893 qnae
401 810 436 875 in
458 810 561 875 titulis
576 808 755 891 posterioris
779 807 891 874 aetatis
914 809 1201 874 commemorantur
1222 807 1278 890 (of.
1291 806 1442 891 Rangabe
1459 811 1535 872 Ant.

302 912 376 978 hell.
400 911 489 998 675),
524 911 590 978 stne
620 911 725 998 dubio·
745 911 809 974 iam
837 911 949 992 quarto
972 909 1096 976 saeculo
1120 909 1368 976 instituebantur
1378 907 1410 991 ¹).

403 1033 443 1098 In
466 1033 595 1107 Boeotia
621 1033 685 1097 iam
719 1031 896 1113 antiquitus
924 1033 1134 1098 certaminum
1156 1029 1352 1095 musicorum
1376 1029 1537 1094 celebran-

302 1136 413 1202 dorum
435 1153 502 1201 mos
525 1137 661 1202 valuisse
683 1136 817 1200 videtur.
839 1154 917 1200 num
933 1134 988 1210 ela,
1001 1151 1090 1216 quae
1115 1135 1152 1198 de
1176 1131 1329 1198 Corinnae
1343 1132 1535 1214 Pindarique

302 1238 525 1304 certaminibus
548 1240 726 1318 narrantur,
764 1242 829 1304 veri
852 1236 929 1319 quid
958 1237 1074 1313 subsit,
1109 1239 1141 1301 in
1171 1235 1273 1300 medio
1296 1235 1538 1317 relinquendum

302 1343 367 1425 est3
397 1348 482 1408 certe
512 1362 590 1426 quae
613 1342 650 1407 de
672 1340 824 1420 Corinnae
842 1341 993 1424 imagine
1017 1339 1198 1422 Tanagraea
1220 1337 1538 1412 Pans.vl11122‚3

302 1450 427 1524 narrat,
454 1465 490 1511 ex
525 1450 781 1530 mystagogorum
809 1441 1068 1526 explicationibus
1103 1442 1205 1526 petita
1233 1461 1300 1506 esse
1334 1443 1399 1508 veri
1436 1440 1538 1506 simile

303 1551 361 1613 est.
399 1549 476 1634 item
503 1550 592 1635 qnod
627 1548 736 1614 Suidas
771 1569 795 1613 s.
831 1569 860 1614 v.
895 1548 1031 1626 Κόριννα
1068 1551 1100 1610 et
1134 1545 1284 1612 rollanus
1313 1545 1350 1610 V.
1382 1543 1423 1608 H.
1457 1543 1539 1608 XIII

302 1650 345 1714 25
363 1649 529 1716 Corinnam
546 1637 711 1734 quinquies
727 1651 912 1720 deiPindaro
937 1649 1102 1725 victoriam
1125 1641 1297 1733 reportasse
1320 1651 1460 1725 narrant,
1478 1647 1539 1714 fide

303 1755 355 1818 vir
377 1755 510 1836 dignum
538 1775 612 1820 esse
624 1755 759 1830 videtur,
783 1759 814 1820 et
837 1756 919 1839 apud
942 1756 1048 1838 ipsum
1079 1754 1207 1820 Suidam
1231 1753 1383 1836 legimus:
1414 1754 1541 1832 ἐνίκησε

302 1859 462 1934 πεντάκις,
485 1859 538 1925 ὡς
562 1860 698 1940 λόγος,
723 1877 801 1941 quae
823 1859 889 1922 sine
911 1859 1005 1924 dubio
1029 1877 1065 1921 ex
1081 1857 1167 1922 fonte
1190 1856 1366 1938 antiquiore
1385 1855 1541 1938 (Dionysii

304 1961 591 2028 Halicarnassensis
615 1963 745 2028 historia
768 1963 898 2036 musica,
921 1967 958 2028 ut
982 1962 1131 2044 videtur,)
1156 1962 1298 2044 prolecta
1319 1965 1402 2026 sunt.
1441 1960 1540 2025 maior

304 2064 403 2148 igitur
436 2067 607 2131 auotoritas
629 2065 796 2130 tribuenda
825 2083 890 2130 esse
913 2065 1036 2129 videtur
1058 2063 1157 2147 ipsius
1181 2062 1333 2129 Corinnae
1355 2061 1461 2128 verbis
1485 2059 1538 2147 (f.

305 2169 345 2230 21
370 2169 438 2250 B.):
963 2234 965 2238 .

510 2273 660 2353 μέμφομη
685 2277 721 2338 δὲ
744 2275 782 2353 κὴ
806 2274 957 2351 λιγουράν
981 2269 1136 2350 Moopvib’
1151 2271 1261 2347 ἱώνρα,

511 2376 560 2441 ὅτι
584 2379 664 2456 βανά
687 2367 789 2457 qoao'
804 2378 862 2458 ἔβα
883 2361 1062 2454 Πινῦάροιο
1080 2377 1158 2456 ποτ’
1176 2375 1253 2453 ἔριν.

306 2515 387 2577 unde
409 2512 588 2595 poetriam,
605 2516 685 2596 quod
716 2513 851 2578 feminae
880 2532 952 2578 cum
974 2512 1109 2576 Pindaro
1140 2512 1322 2593 certassent,
1347 2513 1543 2593 vituperasse

305 2614 531 2700 intellegimus.
570 2635 665 2696 quare
688 2635 757 2681 eam
787 2617 889 2696 ipsam
919 2615 992 2690 hoc,
1026 2615 1107 2698 quod
1142 2616 1393 2698 vituperaverat,
1425 2613 1558 2694 lenisse,¹

307 2735 498 2802 quamquam
520 2719 554 2783 id
575 2719 643 2783 fieri
665 2718 804 2801 potuisse
827 2718 990 2784 Welckero
1013 2719 1164 2794 concedo,
1187 2719 1317 2783 minime
1348 2721 1454 2783 tamen
1477 2721 1543 2782 veri
1621 2759 1624 2766 ·

308 2820 412 2885 simile
434 2825 491 2886 est.
529 2840 627 2901 neque
650 2839 724 2886 voce
747 2821 824 2902 ἔρις,
849 2826 884 2886 ut
907 2821 1041 2903 Myrtim
1063 2841 1135 2886 cum
1157 2820 1295 2887 Pindaro
1317 2821 1351 2886 in
1373 2822 1544 2886 certamine

308 2922 436 3005 pubIIco
460 2923 498 2987 de
520 2923 660 3004 praemio
682 2925 839 3006 proposito
862 2927 997 2990 certasse
1020 2925 1204 3010 cogitemus,
1228 2925 1378 3006 cogimur,
1395 2924 1544 2989 eumalio

308 3028 398 3091 modo
422 3043 458 3090 ea
479 3026 579 3107 possit
612 3027 689 3092 bene
719 3027 867 3111 explicari
877 3029 913 3108 ⁹).

308 3172 513 3181 --—-----·

308 3241 437 3294 Πυθικοῦ
457 3238 570 3303 ἀγῶνος
589 3239 710 3302 μάλιστα
730 3239 1012 3306 altiodrensem.
1032 3240 1196 3308 Telephanes
1215 3242 1322 3296 Samius
1348 3245 1428 3296 notus
1452 3242 1495 3294 est
1519 3254 1549 3292 ex

309 3322 482 3386 Paus.144,
502 3327 531 3375 9:
558 3321 633 3376 ἰοῦσι
652 3324 682 3377 δὲ
701 3324 733 3376 ἐκ
756 3325 903 3392 Μεγάρων
921 3326 950 3388 ἐς
968 3327 1105 3393 Κόρινθον
1130 3328 1211 3380 ἂλλοι
1233 3328 1267 3381 τέ
1291 3326 1361 3382 εἰσιν
1384 3328 1474 3393 τάφοι
1502 3328 1549 3379 καὶ

310 3409 438 3475 αῦλητοῦ
457 3407 563 3474 Σαμίου
576 3407 777 3475 Τηλεφάνους·
796 3415 913 3474 ποιῆσαι
926 3410 956 3464 δὲ
968 3411 1021 3464 τὸν
1033 3412 1129 3478 τάφον
1143 3412 1326 3482 Κλεοπάτραν
1339 3415 1395 3479 τὴν
1407 3412 1547 3466 Φιλίππου

311 3500 362 3549 τοῦ
391 3496 533 3559 Ἀμύντου
561 3494 694 3560 λέγουσι,
721 3495 791 3548 unde
815 3512 877 3548 eum
905 3496 991 3550 altera
1019 3497 1118 3551 sacculi
1146 3500 1237 3567 quarti
1264 3503 1340 3567 parte
1367 3498 1464 3552 vixisse
1490 3497 1548 3551 veri

311 3580 400 3634 simile
417 3585 467 3634 est·
486 3583 547 3634 utar
565 3583 656 3634 antem
675 3579 758 3634 fucrit
774 3581 947 3648 Τηλεφάνης
965 3584 1129 3651 ὁαάλητής,
1140 3584 1187 3652 qni
1205 3600 1274 3637 anno
1293 3589 1344 3637 350
1358 3583 1549 3638 Demosthenis

310 3669 419 3735 olioragi
446 3667 545 3722 tibicen
565 3667 619 3721 suit
638 3667 723 3736 (Dem.
742 3665 807 3720 XXI
826 3672 878 3734 17),
905 3668 1016 3722 difficile
1038 3675 1080 3724 est·
1102 3670 1264 3734 diindIcare,
1293 3687 1352 3724 cum
1377 3672 1489 3738 uterque
1517 3685 1548 3724 ea

312 3757 400 3806 aetate
429 3753 458 3805 in
488 3753 636 3822 certamina
663 3753 769 3822 prodire
796 3754 923 3827 potuerit.
960 3755 994 3810 ad
1021 3757 1142 3810 Samium
1169 3758 1283 3810 fortasse
1309 3756 1481 3810 referendum
1507 3759 1550 3809 est

312 3840 440 3894 Nicarchi
454 3839 622 3908 epigramma
635 3839 780 3894 Anthvss
796 3847 851 3905 159,
866 3841 900 3896 ad
913 3841 1096 3910 Megarensem
1108 3841 1254 3896 Stratonici
1268 3842 1353 3895 facete
1365 3842 1468 3896 dictum
1481 3841 1547 3895 Ath.

312 3926 382 3981 VIII
397 3932 447 3980 eol
461 3943 483 3980 e.

417 4035 438 4098 ¹)
466 4029 585 4098 Aeginae
613 4029 697 4084 Suida
725 4034 831 4086 auctore
858 4033 890 4100 (s.
918 4047 943 4084 v.
971 4033 1098 4100 Δράκων
1123 4036 1151 4086 et
1177 4034 1311 4102 πέτασος)
1339 4033 1393 4086 iam
1421 4032 1550 4088 DraconIs

313 4120 403 4170 aetate
430 4118 568 4176 theatrum
597 4117 718 4170 extitisse
744 4116 910 4186 perhibetur,
927 4119 998 4186 quod
1026 4123 1057 4172 nt
1080 4118 1218 4172 credamus
1242 4119 1287 4172 vir
1310 4119 1474 4174 adducimur.
1494 4135 1549 4172 cer·

313 4205 417 4257 tamine
440 4205 560 4257 scaenica
577 4204 606 4257 in
630 4204 721 4257 titulis
739 4205 853 4258 alterius
880 4221 903 4257 a.
927 4204 990 4258 Chr.
1014 4204 1112 4257 sacculi
1131 4204 1174 4271 (cf.
1195 4204 1277 4257 Hioks
1296 4205 1314 4258 l.
1333 4221 1354 4257 c.
1375 4207 1444 4272 189),
1468 4207 1550 4273 χοροὶ

313 4292 473 4356 γυναικήιοι
490 4296 517 4344 et
535 4293 655 4360 χορηγοὶ
673 4291 742 4344 δέκα
761 4293 863 4362 ἄνδρες
881 4291 936 4344 iam
954 4289 988 4343 ab
1007 4290 1143 4344 Herodoto
1163 4290 1185 4343 V
1204 4295 1237 4343 83
1266 4291 1309 4360 (ci.
1328 4291 1434 4344 Boeokh
1453 4291 1551 4360 Opnsc.

314 4376 367 4431 VII
387 4379 448 4444 250)
467 4379 715 4430 commemorantur.

419 4483 440 4547 ²)
459 4481 497 4532 lte
516 4495 578 4536 vera
602 4479 748 4533 certamina
771 4479 843 4531 iuter
865 4476 1015 4532 Pindarum
1040 4447 1067 4533 et
1095 4480 1160 4534 duas
1185 4480 1247 4534 illas
1274 4481 1390 4549 poetriae
1417 4481 1551 4534 instItuta

316 4583 370 4619 esse
389 4565 544 4619 adfirmavit
562 4565 683 4620 Welolrer
700 4564 797 4633 Opnsc.
815 4564 845 4618 Il
865 4564 915 4618 154
933 4580 980 4632 sq,
1005 4581 1083 4634 quem
1100 4568 1185 4624 secuti
1203 4574 1267 4621 sunt
1290 4568 1380 4636 Bergk
1403 4567 1477 4621 Hist.
1496 4568 1553 4620 litt.

316 4653 363 4706 Cr.
388 4652 416 4705 ΙΙ
441 4657 491 4704 379
516 4668 554 4720 sq.
579 4652 623 4718 (cl.
647 4653 706 4706 adn.
735 4657 793 4718 163)
817 4655 844 4705 et
868 4649 953 4705 Flach
977 4650 1081 4706 Griech.
1106 4653 1168 4720 Lyr.
1192 4669 1219 4721 p.
1238 4657 1289 4705 674
1307 4669 1344 4722 sq.
1363 4657 1391 4706 et
1409 4653 1499 4721 aliqua
1518 4669 1549 4704 ex
