3604 5356
204 461 350 543 'ra

304 672 416 736 choros
440 669 574 735 certasse
589 670 731 736 tradidit.
756 671 858 735 nescio
874 673 987 747 autem,
1003 671 1051 734 cui
1073 670 1207 751 tempori
1230 669 1397 736 Simonidis
1414 657 1548 754 Lasique

306 777 466 837 certamen
497 773 735 838 adscribendum
765 774 821 848 sit,
853 772 959 848 cuius,
992 772 1019 836 si
1049 772 1177 854 quidem
1204 792 1236 836 re
1260 793 1332 839 vera
1355 779 1462 839 actum
1492 777 1547 850 cst,

308 878 492 941 memoriam
516 877 654 941 servavit
678 875 901 957 Aristophanes
925 875 1018 956 Vesp.
1047 875 1130 939 1410
1152 892 1216 957 sq.:

568 980 680 1044 Λᾶσός
696 977 767 1043 ποτ’
793 964 1001 1044 ἀντεδίδασκε
1024 979 1074 1042 καί
1098 980 1288 1058 Σιμωνίδης·
1360 991 1366 1002 ’

567 1081 697 1147 ἔπειθὸ
721 1082 832 1147 Λᾶσος
857 1081 954 1146 εἶπεν·
980 1078 1089 1157 ὀλίγον
1111 1104 1163 1161 μοι
1186 1085 1278 1160 μέλει,

414 1202 554 1284 Denique
570 1201 809 1286 Thargeliorum
825 1221 945 1284 quoque
962 1201 1134 1284 sollemnia,
1160 1221 1239 1285 quae
1254 1201 1426 1286 posteriore
1443 1203 1544 1267 aetate

306 1305 472 1368 chororum
496 1304 647 1389 agonibus
671 1305 826 1370 celebrabo
849 1324 912 1369 esse
935 1306 1062 1382 scimus,
1082 1325 1104 1394 a
1128 1303 1295 1370 Pisistrato
1319 1306 1448 1388 eiusque
1473 1304 1547 1370 filiis

307 1411 427 1472 maiore
450 1410 612 1490 splendore
635 1409 811 1472 instaurate
845 1427 912 1472 esse
945 1427 1000 1489 pro
1031 1407 1190 1491 explorato
1224 1409 1337 1473 habere
1371 1427 1546 1492 possumus.

216 1523 224 1537 ⁴
306 1513 360 1595 (cf.
380 1513 415 1576 ll.
433 1511 558 1597 Curtius
593 1514 655 1576 Des
678 1512 814 1594 Pythion
839 1513 870 1575 in
894 1512 1000 1575 Athen
1023 1511 1130 1576 Herm.
1155 1513 1217 1576 Xll
1240 1513 1302 1576 492
1325 1513 1383 1594 sq.)
1425 1513 1549 1577 Πύθιον

309 1616 404 1692 enim,
429 1618 604 1700 quodcum
634 1616 875 1698 Thargeliorum
909 1616 1117 1680 celebratione
1141 1617 1207 1680 arte
1231 1617 1393 1682 cohaerere
1416 1617 1547 1694 constat,

309 1719 496 1784 Pisistratus
520 1719 700 1784 aedificasse
725 1721 871 1784 narratur
883 1717 918 1800 ¹).

413 1822 630 1888 Pisistratidae
646 1823 745 1906 igitur
759 1823 898 1888 Athenas
913 1823 1029 1886 artium
1053 1821 1249 1888 domicilium
1272 1833 1307 1888 at
1330 1823 1433 1888 sedem
1450 1823 1548 1888 musi-

309 1944 415 1988 corum
440 1932 471 1989 et
495 1930 656 2007 poetarum
679 1925 890 1990 reddiderant.
930 1944 1029 2006 neque
1053 1943 1124 1989 vero
1154 1915 1305 2009 tyrannis
1327 1925 1463 2007 expulsis
1494 1925 1548 1989 ille

309 2030 426 2091 artium
451 2028 640 2092 musicarum
663 2029 720 2092 ilos
744 2029 796 2092 siti
833 2029 971 2105 erar·uit;
1001 2028 1097 2092 immo
1132 2028 1232 2094 libera
1255 2048 1304 2093 res
1327 2025 1452 2110 publica
1475 2046 1548 2110 pce·

308 2136 418 2217 turum
439 2131 611 2195 certamina
627 2130 789 2195 liberalius
812 2132 887 2194 adeo
911 2150 947 2195 ac
970 2131 1155 2196 sollemnius
1178 2132 1329 2197 instituit.
1356 2133 1447 2213 etque
1465 2132 1548 2194 inter

309 2236 413 2315 prima
436 2234 574 2299 civitatis
598 2233 755 2315 popularis
779 2233 926 2298 instituta
949 2234 1094 2318 choragia
1111 2233 1235 2298 videtur
1258 2235 1449 2299 numeranda
1472 2251 1547 2309 esse,

309 2356 485 2418 quaecum
516 2354 592 2400 novo
625 2337 765 2402 tribuum
801 2339 906 2400 ordine
942 2355 1036 2418 quam
1070 2335 1227 2401 artissime
1258 2335 1439 2416 cohaeretl).
1478 2335 1549 2400 vide

309 2441 445 2532 quaein
474 2440 578 2504 chron.
608 2440 680 2503 Par.
704 2441 723 2504 l.
749 2441 788 2505 61
814 2459 862 2522 ap.
887 2439 929 2504 46
964 2440 1128 2521 leguntur:
1161 2430 1218 2520 ἀφ’
1242 2440 1281 2504 οὗ
1305 2441 1396 2520 χοροὶ
1419 2443 1549 2518 πρῶτον

205 2553 207 2556 ’
309 2545 513 2620 ἠγωνίσαντο
537 2544 675 2622 ἀνδρῶν,
692 2543 730 2608 δν
747 2543 879 2609 διδάξας
898 2543 1100 2633 Ὑιιό(δι)κος
1117 2543 1135 2607 ὁ
1152 2544 1353 2625 Achemenis)
1373 2543 1545 2622 ἐνίκ(ησεν)

307 2649 364 2724 ἔτη
379 2646 608 2728 ΗΗΔΔΔΔίΓ]
627 2646 785 2725 ἄρχοντος
801 2641 972 2724 Ἀθήνησιν
989 2645 1179 2732 [Ἰίσαγόρου
1198 2645 1547 2728 (i.e.01.68‚1=508).

311 2749 370 2812 hcc
392 2759 463 2830 ergo
488 2767 567 2815 anno
591 2751 725 2832 primum
750 2768 809 2812 non
834 2767 853 2812 a
876 2751 1031 2813 choreutis
1064 2751 1204 2813 mercede
1235 2749 1409 2825 conductis,
1445 2747 1499 2812 sed
1531 2767 1550 2812 a

311 2855 417 2916 liberis
441 2853 561 2917 civibus
585 2852 722 2918 carmina
745 2856 872 2917 cantata
895 2855 986 2930 suut,
1020 2851 1159 2937 primum
1181 2852 1284 2918 tribus
1308 2855 1391 2918 inter
1420 2871 1453 2917 se
1483 2839 1549 2916 oer-

310 2958 459 3020 tauerunt
481 2957 600 3038 ipsique
623 2957 705 3020 cives
730 2956 822 3020 electi
845 2957 983 3020 iudicum
1007 2976 1135 3021 munere
1152 2957 1253 3021 functi
1277 2958 1359 3022 sunt.
1385 2975 1484 3038 neque
1499 2955 1548 3019 his

310 3063 341 3124 iu
368 3060 591 3126 certaminibus
611 3060 776 3125 defuerunt
799 3063 904 3141 magni
928 3062 1045 3140 poetae.
1087 3060 1184 3124 veluti
1208 3061 1324 3124 Lasum
1349 3061 1446 3124 etiam
1478 3059 1549 3139 post

311 3166 463 3246 Hippiam
486 3166 647 3245 expulsum
670 3163 785 3228 iterum
809 3163 942 3226 Athenis
967 3162 1087 3244 degisse
1118 3164 1189 3226 inde
1224 3163 1405 3226 concludere
1436 3178 1547 3242 possu-

312 3287 391 3340 mus,
410 3267 496 3347 'quod
520 3266 602 3330 inter
625 3268 753 3332 Pindari
782 3265 949 3348 magistros
973 3264 1105 3328 Athenis
1136 3265 1287 3328 versantis
1318 3262 1498 3327 nominatur
1508 3259 1546 3342 ³),

309 3389 501 3454 qrramquam
525 3372 639 3435 mirum
664 3375 711 3436 est
730 3388 811 3451 eum,
836 3369 990 3450 siquidem
1014 3369 1047 3431 in
1071 3368 1148 3431 urhe
1171 3367 1283 3441 adfuit,
1308 3386 1335 3430 a.
1352 3366 1414 3430 508
1438 3361 1547 3427 nonin

311 3476 412 3557 primo
436 3474 599 3539 chororum
624 3474 795 3539 certamine
811 3474 940 3556 ¹vicisse.
964 3474 1122 3554 praeterea
1145 3468 1334 3552 Agathocles
1361 3469 1393 3531 et
1417 3464 1547 3548 Apollo-

309 3582 405 3644 dorus
429 3579 485 3643 hac
508 3579 611 3643 aetate
626 3577 760 3642 Athenis
785 3577 893 3640 choros
917 3574 1057 3640 docuisse
1080 3575 1243 3650 dicuntur;
1268 3571 1307 3636 cf.
1324 3589 1402 3652 quae
1418 3587 1547 3633 narrau-

312 3746 334 3751 .-.
341 3741 515 3750 .....--.-——--

417 3829 436 3895 ¹)
457 3827 492 3886 cf,
512 3826 606 3878 Suidas
627 3841 647 3876 s.
658 3840 681 3877 v.
694 3825 812 3886 Πύθιον,
832 3820 946 3888 Hesyclr.
968 3821 999 3873 ἐν
1016 3817 1116 3886 Πυθίῳ
1135 3818 1224 3883 χέσαι.
1244 3815 1271 3867 in
1285 3813 1385 3883 Pythio
1399 3829 1474 3866 uram
1487 3829 1548 3866 con-

309 3915 458 3968 secraverat
485 3911 655 3976 Pisistratus,
675 3908 790 3976 Hippiae
809 3907 889 3969 filius,
920 3906 1003 3958 titulo
1027 3904 1142 3968 adiecto,
1171 3903 1218 3970 qni
1242 3918 1257 3954 a
1282 3900 1437 3967 Thucydide
1458 3898 1496 3953 Vl
1515 3904 1548 3951 54

309 4000 533 4054 commemoratus
554 4013 637 4065 nuper
656 3998 776 4062 repertus
795 3995 835 4045 est
854 3992 912 4046 CIA
931 3989 993 4044 IIII
1012 3993 1061 4042 373
1080 4006 1103 4042 a.
1123 3993 1204 4057 atque
1228 3988 1298 4041 hunc
1316 3986 1430 4040 titulum
1459 3985 1547 4054 ipsum

311 4088 494 4148 Pisistratum,
506 4085 648 4152 postquam
662 4071 866 4148 Thargeliorum
885 4075 1060 4130 sollemnibus
1071 4075 1210 4144 praesedit,
1230 4071 1366 4142 scripsisse
1385 4070 1499 4124 coniecit
1517 4067 1547 4123 H.

310 4172 422 4224 Curtius
440 4170 459 4222 l.
477 4185 499 4222 c.
519 4184 543 4236 p.
563 4173 623 4221 495.

415 4275 435 4337 ²)
454 4271 487 4324 cl.
510 4269 688 4324 Wilamowitz
708 4267 870 4322 Herm.le
889 4259 926 4320 σθ’
940 4281 979 4334 sq.

415 4377 433 4440 θ)
453 4373 514 4426 Non
534 4377 622 4426 temen
641 4376 716 4426 extra
735 4371 931 4426 dubitationem
951 4386 982 4424 ca
1000 4385 1042 4422 res
1061 4367 1151 4436 posita
1177 4381 1233 4420 esse
1257 4367 1372 4420 videtur.
1403 4366 1430 4418 et
1454 4365 1482 4418 iu
1502 4364 1548 4428 eis,

309 4480 379 4530 qnae
397 4459 468 4530 apud
487 4460 596 4514 Suidam
615 4475 635 4512 e.
658 4476 681 4512 v.
701 4461 794 4522 Λᾶσος
819 4458 953 4526 leguntur,
979 4453 1227 4527 »diversavmisceri
1246 4457 1273 4505 et
1291 4451 1325 4504 ol.
1345 4454 1378 4502 58
1397 4449 1425 4518 (i.
1445 4466 1467 4502 e.
1486 4447 1547 4500 Sar·

310 4551 384 4602 diurn
404 4546 545 4614 excidium)
563 4546 693 4615 quadrare
712 4548 739 4598 in
759 4547 859 4614 septem
879 4542 1040 4614 sapientium
1060 4540 1239 4604 consortium,
1259 4537 1335 4590 Darii
1353 4537 1468 4588 aetatem
1487 4546 1547 4584 con·

312 4636 400 4688 veni—re
428 4649 487 4687 eum
511 4631 682 4686 Herod.=Vll
708 4634 740 4684 6“
769 4629 934 4685 (iutsohmid
960 4629 1064 4683 monuit
1093 4628 1121 4680 in
1149 4623 1276 4694 Hesychii
1303 4617 1486 4684 onomatologi
1507 4614 1546 4668 ed.

310 4721 457 4776 Hlachiana
475 4737 500 4790 p.
520 4719 618 4774 LXIX.
