3604 5356
828 1382 953 1486 Caput
978 1381 1010 1463 Ι.

364 1593 426 1690 Dc
459 1556 801 1709 antiquissimis
835 1589 1107 1742 Graecorum
1147 1589 1480 1686 certaminibus

818 1751 1024 1822 musrcrs.

409 2113 462 2210 Ut
495 2140 635 2206 omnium
674 2140 739 2206 fere
775 2140 996 2204 institutorum
1033 2139 1217 2224 primordia,
1254 2137 1299 2204 sic
1335 2140 1541 2203 certaminum

306 2263 426 2328 quoque
448 2245 639 2310 musicorum
663 2245 799 2329 origines
821 2243 1023 2326 antiquitatis
1052 2245 1190 2311 tenebris
1212 2245 1341 2310 obrutae
1364 2243 1447 2310 sunt.
1488 2261 1544 2326 po·

307 2346 439 2412 sterioro
462 2348 564 2412 aetate
587 2345 789 2428 grammatici
812 2348 844 2410 et
866 2365 972 2413 rerum
1001 2350 1164 2432 gestarum
1193 2348 1375 2430 scriptores,
1411 2345 1465 2428 qui
1500 2363 1544 2424 ea,

308 2467 386 2531 quae
411 2450 466 2514 aut
489 2449 671 2514 nesciebant
698 2451 754 2514 aut
784 2469 896 2531 parum
929 2453 1088 2532 comperta
1110 2449 1288 2532 habebant,
1313 2449 1409 2514 uariis
1431 2447 1546 2514 fabulis

308 2569 454 2616 exornare
478 2551 632 2631 solebant,
655 2555 818 2635 poetarum
835 2570 956 2634 qnoque
980 2553 1153 2616 certamina
1176 2552 1215 2616 ad
1232 2551 1451 2633 antiquissima
1466 2551 1546 2615 tem-

308 2674 383 2738 pora
406 2655 614 2739 rettulerunt3
638 2655 752 2737 quibus
768 2657 806 2720 de
829 2656 1070 2722 narratiunculis
1086 2655 1179 2737 plura
1195 2654 1297 2720 dicere
1313 2653 1499 2736 supersedeo
1510 2652 1545 2736 ¹).

352 2825 353 2828 ,
411 2757 505 2840 Apud
528 2757 701 2822 Homerum
717 2757 925 2824 certaminum
940 2760 1130 2824 musicorum
1149 2756 1273 2822 nulium
1290 2758 1425 2822 occurrit
1449 2757 1544 2822 vesti-

308 2860 414 2944 gium;
431 2879 504 2925 narn
517 2879 596 2943 quae
610 2861 647 2926 de
660 2861 849 2946 Thamyride
862 2863 1022 2945 musisque
1035 2860 1230 2927 certantibus
1242 2861 1275 2925 in
1287 2861 1398 2926 Iliadis
1410 2861 1547 2925 carmine

308 2965 405 3029 altero
428 2966 594 3029 narrantur
620 2968 683 3047 (rr.
705 2965 771 3030 594
793 2968 866 3049 su),
890 2966 1018 3032 narium
1049 2966 1103 3047 qni
1127 2965 1242 3031 dicitur
1265 2966 1407 3047 catalogo
1430 2965 1547 3028 inserta

309 3068 393 3149 sunt,
418 3085 512 3147 quem
535 3087 642 3132 recens
665 3071 917 3134 additamentum
942 3089 1009 3134 esse
1032 3087 1122 3132 nemo
1145 3071 1252 3130 nescit.
1291 3066 1546 3146 antiquissimum

309 3173 416 3232 autern
439 3170 674 3252 testimonium,
710 3189 770 3250 quo
794 3171 831 3234 de
854 3169 982 3234 musicis
1005 3169 1155 3250 agonibus
1180 3166 1297 3230 certius
1320 3165 1440 3246 aliquid
1464 3183 1546 3228 corn·

295 3270 457 3360 perimus,
482 3289 589 3335 versus
611 3271 661 3335 iili
685 3291 749 3335 esso
771 3273 918 3337 ridentur
939 3273 974 3335 in
997 3269 1125 3334 Hesiodi
1150 3269 1229 3352 Opp.
1254 3273 1284 3332 et
1307 3267 1467 3332 diabatae
1489 3285 1546 3348 sq.‚

311 3373 364 3455 qui
398 3391 524 3457 versus,
564 3391 754 3455 quamquam
790 3393 841 3440 eos
872 3374 911 3438 ab
948 3374 1014 3454 ipso
1043 3373 1180 3436 Hesiodo
1210 3371 1342 3452 scriptos
1373 3389 1439 3434 esse
1463 3376 1547 3435 recte

291 3476 450 3540 'homines
473 3475 558 3540 docti
579 3493 692 3558 negare
715 3476 868 3560 uidentur,
893 3478 999 3540 tamen
1023 3477 1091 3541 sine
1114 3476 1207 3540 dubio
1230 3476 1294 3539 iam
1318 3474 1547 3556 antiquissimis

308 3578 503 3662 temporibus
514 3579 694 3661 interpolati
712 3584 794 3645 sunt.
819 3599 918 3663 neque
941 3601 985 3667 ea,
999 3600 1077 3663 quae
1088 3581 1132 3645 ibi
1149 3582 1186 3646 de
1199 3578 1466 3662 Amphidamanto
1481 3582 1548 3644 tra·

308 3683 437 3764 duntur,
460 3683 545 3770 omni
568 3682 770 3748 fundamento
793 3703 896 3750 carere
919 3685 1026 3750 Rohde
1048 3683 1171 3749 monuit
1194 3684 1275 3750 Mus.
1297 3683 1399 3749 Rben.
1411 3681 1548 3749 XXXVI

307 3784 375 3850 420
398 3803 465 3868 sqq.
491 3785 544 3869 (of.
568 3786 658 3867 427).
682 3788 814 3868 aceedit,
850 3789 931 3869 qnod
961 3789 1081 3853 multae
1104 3783 1179 3852 iliae
1202 3785 1372 3869 fabriaci),
1402 3805 1481 3869 quae
1512 3787 1549 3849 de

309 3923 518 3932 .--—.-----—-

418 3990 437 4058 ¹)
457 3989 492 4044 cf.
509 3988 613 4044 Lobeok
640 3989 842 4059 Aglaophamus
869 3989 883 4042 I
910 3995 961 4043 327
980 4005 1027 4058 sq„
1056 3990 1087 4046 H.
1114 3988 1207 4043 Rohde
1234 3988 1302 4042 Mur.
1322 3989 1406 4042 Ithen.
1434 3989 1550 4046 XXXVI

307 4080 362 4128 419
398 4075 475 4138 adn,
511 4073 623 4144 Lafaye:
662 4076 701 4130 De
736 4079 874 4146 poetarum
907 4079 935 4130 et
965 4079 1101 4130 oratorum
1129 4075 1319 4130 certaminibus
1350 4075 1420 4142 apud
1448 4079 1550 4130 veteres

309 4161 448 4228 (Lutetiae
465 4160 632 4215 Parisiorum
651 4164 729 4231 1883)
748 4179 774 4231 p.
795 4169 807 4216 1
828 4178 867 4232 sq.
880 4191 914 4202 —
927 4161 1027 4231 Lafaye
1045 4178 1108 4215 sane
1126 4159 1309 4230 grammatici,
1329 4162 1375 4229 qui
1393 4161 1549 4230 Homerum,

308 4247 530 4316 Chrysothemin,
548 4247 720 4302 Eleutherem
739 4250 767 4303 in
786 4264 887 4317 agonas
906 4249 1092 4304 descendentes
1110 4248 1256 4312 inducunt,
1282 4263 1334 4301 nou
1354 4248 1551 4314 satisfecerunt,

308 4333 359 4386 sed
377 4333 556 4402 Amphionem
574 4346 686 4403 quoque,
700 4333 888 4402 Demodocum‚
901 4334 1091 4404 Creophylum,
1105 4334 1174 4387 alios
1187 4333 1380 4387 certaminibus
1393 4334 1551 4390 interfuisse

312 4419 371 4472 seri
389 4420 478 4474 simile
495 4437 552 4474 esse
573 4421 699 4489 opinatur
718 4423 754 4490 (p.
774 4424 812 4487 4).

374 4589 390 4645 I
417 4507 437 4576 ²)
466 4503 568 4576 Hygia.
596 4506 651 4560 fab.
679 4511 744 4573 272,
774 4506 848 4562 Plut.
877 4507 987 4574 Quaest.
1015 4521 1090 4586 conr.
1117 4505 1183 4568 Vt,
1208 4504 1365 4574 Bernhardy
1393 4504 1466 4560 Hict.
1495 4505 1550 4558 litt.

311 4606 355 4658 gr.
392 4591 479 4646 ⁴302.
1219 4605 1222 4612 ’
