3604 5356
1479 489 1501 553 5

258 680 376 752 μεσθαι
393 665 423 738 b'
436 674 525 738 ἐστιν
549 673 656 738 ἄλλοις
672 694 705 737 τε
722 674 772 737 καὶ
789 673 936 752 Εὐμήλου
952 677 1021 738 τοῖς
1044 673 1166 740 ἐπεσιν·
1191 675 1323 753 ἐποίησε
1345 681 1424 753 γοῦν
1448 679 1499 746 καὶ

258 779 340 842 τάδε
366 779 462 860 ἐντῷ
486 777 656 860 προσοδίῳ
679 783 725 860 τῷ
750 777 784 840 ἐς
808 777 929 853 Δῆλον·

438 898 492 982 Τῷ
516 897 575 976 γὰρ
598 888 753 980 Ἰθωμάτᾳ
776 896 969 975 καταθύμιος
994 896 1107 960 ἔπλετο
1131 899 1229 976 μοῑσα

428 1001 459 1063 ’ἁ
483 1001 621 1079 καθαρὰ.
638 1053 642 1062 .
659 1049 666 1065 .
681 1000 725 1081 ,1)
750 1001 800 1063 rol
824 999 977 1076 ἐλεύθερα
1000 997 1144 1078 criptule*
1160 999 1274 1077 ἔχοισα
1283 999 1321 1079 ¹²).

258 1119 381 1183 οὐκοῦν
403 1120 535 1197 ποιῆσαί
558 1140 610 1198 μοι
637 1124 725 1185 δοκεῖ
753 1120 791 1182 τὰ
815 1119 874 1196 ἐπη
899 1119 950 1182 καὶ
973 1101 1128 1197 μουσικῆς
1152 1118 1262 1195 ἀγῶνα
1286 1120 1498 1201 ἐπιστάμενος

258 1223 414 1286 τιθέντας.
438 1223 492 1285 sed
508 1221 636 1288 Eumeli
659 1212 767 1286 versus
784 1221 944 1286 Messenae
963 1221 1088 1302 quidem
1111 1220 1345 1286 commissiones
1362 1224 1498 1288 musicas

262 1323 385 1388 habitas
409 1343 474 1390 esse
499 1326 732 1401 demonstrant,
769 1324 805 1388 de
835 1323 1060 1388 certaminibus
1094 1325 1199 1388 autem
1229 1324 1388 1390 institutis
1419 1325 1499 1390 nihil

251 1427 333 1492 'inde
357 1427 462 1512 colligi
485 1413 600 1512 potest.
625 1428 764 1492 eiusdem
786 1427 908 1510 generis
933 1428 1166 1491 commissiones
1190 1427 1381 1511 Polymnesti
1405 1427 1497 1494 Saca-

259 1533 316 1594 dae
337 1531 541 1595 ‘Echemhroti
566 1532 758 1613 temporibus
785 1529 878 1613 Argis
902 1547 1024 1611 qnoque
1055 1531 1086 1593 et
1110 1532 1142 1593 in
1164 1529 1283 1612 oppidis
1307 1532 1459 1596 Arcadiae
1468 1531 1495 1616 ³)

261 1635 348 1697 actas
385 1649 451 1697 esse
487 1635 679 1716 compertum
713 1632 864 1697 habemus
900 1651 935 1696 ex
968 1632 1134 1697 Heraclide
1167 1633 1296 1698 Pontico
1336 1634 1421 1698 Plut.
1461 1637 1497 1700 de

261 1756 341 1801 mue.
366 1739 540 1803 θ’τούτων
563 1739 623 1817 γὰρ
648 1739 912 1815 εἰσηγησαμένων
934 1737 974 1800 ’τὰ
997 1738 1069 1815 περὶ
1102 1738 1161 1803 τὰς
1184 1739 1414 1816 γυμνοπαιδίας
1438 1740 1496 1805 τὰς

256 1841 294 1903 ἐν
319 1839 529 1913 Λακεδαίμονι
563 1842 685 1916 λέγεται
720 1843 960 1916 κατασταθῆναι
992 1840 1042 1902 καὶ
1076 1840 1115 1903 τὰ
1150 1842 1221 1919 περὶ
1251 1841 1310 1904 τὰς
1335 1842 1497 1910 ἐπιδείξεις

255 1943 317 2005 τὰς
340 1943 376 2005 ἐν
392 1941 551 2025 Ἀρκαδίᾳ,
569 1946 633 2006 τῶν
650 1963 683 2006 τε
700 1943 734 2006 ἐν
749 1942 912 2018 Ἄμγειτὰ
930 1941 1101 2020 ἐνδυμάτια
1117 1943 1296 2021 καλούμενα
1306 1941 1343 2024 ⁴).
1368 1943 1497 2026 Sicyone

257 2044 324 2107 'iam
347 2045 419 2108 ante
437 2043 605 2108 Clisthenis
629 2042 756 2126 tyranni
781 2045 918 2107 aetatem
941 2043 1169 2124 rhapsodorum
1193 2046 1365 2110 certamina
1390 2033 1498 2113 habita

256 2165 326 2211 esse
350 2146 526 2211 Herodotus
551 2147 578 2210 V
601 2147 641 2210 67
677 2146 891 2226 demonstrare
916 2145 1049 2228 ridetur,
1080 2147 1161 2210 unde
1184 2147 1251 2211 eius
1276 2149 1359 2212 modi
1381 2148 1496 2214 recita·

257 2250 359 2314 tiones
383 2239 478 2333 Argis
509 2267 628 2332 quoque
652 2251 786 2314 usitatas
810 2249 905 2313 fuisse
930 2249 1030 2313 conici
1054 2250 1172 2333 potesty
1197 2268 1233 2314 ac
1256 2249 1416 2334 Sicyonios
1432 2253 1496 2317 iam

257 2351 435 2434 antiquitus
460 2351 652 2416 carminibus
676 2351 807 2417 chorieis
832 2352 1002 2424 Adrastum
1026 2351 1200 2417 celebrasse
1222 2352 1305 2416 idem
1322 2353 1496 2419 Herodotus
1576 2421 1580 2428 ,

258 2455 415 2520 testatur*
429 2460 460 2519 et
483 2455 756 2538 dithyramborum
778 2459 878 2518 artem
898 2455 1028 2537 Sicyone
1052 2441 1082 2518 et
1106 2453 1248 2521 Corinthi
1271 2454 1363 2520 initia
1379 2456 1494 2539 cepisse

259 2557 407 2642 Epigonis
432 2559 618 2642 Arionisque
654 2558 843 2623 nominibus
868 2543 1074 2623 demonstrari
1103 2561 1213 2639 potest.
1259 2559 1340 2640 ipsos
1375 2577 1495 2642 quoque

258 2663 421 2743 utriusque
437 2662 525 2727 urbis
541 2667 690 2746 tyrannos
707 2663 825 2727 artibus
843 2660 972 2724 mu'sicis
989 2660 1127 2725 colendis
1144 2679 1268 2744 operam
1286 2662 1406 2726 dedisse
1422 2663 1495 2727 inde

255 2765 404 2848 colligere
439 2785 620 2848 possumus,
657 2766 737 2847 quod
771 2765 937 2829 Periander
961 2761 1111 2828 Arionem
1142 2764 1289 2846 adscivit,
1317 2763 1494 2830 Clisthenes

255 2870 365 2932 autem
389 2867 504 2949 Pythia
528 2868 669 2955 Sicyonia
691 2868 868 2933 instituisse
891 2864 1055 2948 dieitur⁵).

260 3011 462 3018 -—-.-—-.-—-

365 3078 420 3145 ¹)b
449 3078 576 3146 καθαμὰν
604 3077 715 3148 κίθαριν
739 3079 785 3132 καὶ
813 3079 851 3132 ἐλ.
871 3077 959 3144 Bergk
988 3077 1061 3130 Poet.
1080 3077 1131 3146 lyr.
1150 3075 1208 3136 θα*
1228 3074 1273 3129 ΙΙΙ
1300 3078 1361 3142 ph
1387 3073 1492 3128 acutius

253 3181 337 3234 quam
357 3165 448 3219 remus
468 3165 587 3219 coniecit.

361 3252 381 3319 ²)
401 3252 475 3304 Satis
494 3252 601 3304 confuse
613 3251 646 3304 de
656 3251 761 3304 Eumeli
772 3249 901 3304 verbisdis
911 3252 990 3318 putat
1001 3249 1084 3304 Plach
1097 3249 1115 3302 l.
1128 3263 1150 3303 c.
1162 3264 1188 3318 p.
1199 3252 1240 3314 94,
1254 3247 1311 3316 qui,
1323 3246 1393 3317 quod
1406 3263 1494 3316 agona

254 3337 337 3390 illum
356 3337 504 3391 auleticum
524 3337 608 3390 fuisse
627 3337 703 3400 dicit,
721 3336 868 3390 manifesto
887 3336 1002 3390 fallitur.

360 3423 381 3489 ³)
403 3421 440 3474 De
459 3421 594 3475 Arcadum
613 3422 788 3476 sollemnibus
806 3422 841 3474 cf.
859 3421 953 3491 Polyb.
972 3421 1010 3476 IV
1030 3410 1138 3474 ababuc
1156 3419 1293 3494 referenda
1310 3419 1435 3474 uidentur
1452 3437 1492 3484 ea,

252 3523 322 3576 quae
350 3509 420 3577 apud
448 3507 636 3562 Philodamum
664 3511 793 3577 leguntur
815 3510 852 3562 de'
880 3525 948 3562 mus.
972 3507 1037 3560 119
1062 3511 1140 3576 plo
1168 3506 1280 3571 Kemlre3
1310 3505 1344 3558 cl.
1364 3504 1439 3560 Plut.
1460 3507 1492 3558 de

252 3611 323 3648 mus.
352 3601 393 3648 32.
425 3595 457 3649 de
482 3596 593 3664 Argivis
616 3596 688 3664 apud
716 3597 881 3650 Herodotum
908 3597 952 3650 Ill
982 3601 1029 3648 131
1057 3595 1187 3662 legimus:
1216 3593 1290 3647 κατὰ
1317 3591 1370 3644 τὸν
1400 3592 1490 3645 αὐτὸν

253 3683 286 3737 δέ
314 3683 419 3750 χρόνον
450 3685 497 3735 καί
529 3680 655 3749 Ἀργεῖοι
686 3685 792 3749 ἤκουον
819 3684 962 3748 μουσικὴν
993 3683 1066 3736 εἶναι
1089 3681 1233 3746 Ἑλλήνων
1264 3684 1373 3746 πρῶτοι
1400 3678 1489 3746 (Poly-

252 3770 336 3821 cratis
356 3769 461 3822 seilicet
479 3769 565 3822 Samii
583 3771 693 3836 aetate).
724 3784 792 3836 quae
810 3769 891 3822 verba
909 3783 1070 3836 quamquam
1099 3782 1147 3835 pro
1175 3765 1346 3834 interpolatis
1373 3765 1491 3818 editores

254 3859 326 3908 recte
345 3853 454 3920 habent,
474 3857 562 3908 tamen
583 3869 614 3908 ea
632 3855 665 3907 ab
684 3856 796 3923 antiqno
815 3858 842 3908 et
861 3855 939 3908 docto
957 3853 1135 3922 grammatico
1155 3852 1255 3905 inserta
1273 3867 1328 3904 esse
1347 3851 1490 3916 ridentum

252 3941 287 3995 oi.
307 3942 389 3994 etiarn
408 3939 537 3995 Geuaert:
565 3939 685 3994 Histoire
704 3944 731 3994 et
749 3940 853 3994 theoria
869 3941 902 3994 de
921 3941 948 3994 la
972 3940 1094 4008 musique
1117 3939 1150 3992 de
1176 3938 1331 4006 l’antiquit'e
1350 3937 1380 3992 11
1399 3936 1489 4004 (1881)

251 4043 278 4094 p.
299 4031 349 4080 3ῠὸ
368 4043 407 4095 sq.

359 4113 378 4183 ⁴)
391 4113 534 4177 ἐπιδείξεις
547 4127 594 4180 pro
604 4111 1016 4180 codicumlectionehdcrobelberq
1030 4111 1195 4179 seripserunt
1209 4110 1297 4164 Hiller
1312 4108 1391 4170 (Mus.
1401 4107 1487 4168 Rhea,

253 4198 344 4253 XXXI
364 4202 407 4266 78)
423 4202 451 4252 et
465 4198 561 4266 Bergk.
572 4198 591 4251 l.
604 4214 624 4252 c.
636 4197 665 4252 II
684 4195 734 4252 226
753 4198 814 4251 adn.
827 4201 873 4260 θοι
895 4200 942 4250 καί
961 4199 1022 4265 post
1039 4211 1127 4250 rocem
1147 4199 1362 4260 κατασταθῆναι
1374 4193 1489 4247 inseruit

254 4285 350 4351 Hiller,
369 4285 583 4350 κατασταθῆναι
601 4283 638 4337 τά
656 4301 688 4338 τε
712 4284 825 4338 coniecit
852 4283 955 4352 Bergk,
982 4282 1028 4351 qui
1057 4284 1119 4351 post
1146 4281 1317 4336 enuntiatum
1341 4281 1371 4334 ἐν
1390 4280 1489 4348 Ἄργει

253 4387 343 4424 rocem
361 4370 486 4440 Ἠραίων
505 4370 547 4424 rel
557 4369 633 4423 alind
642 4370 814 4423 sollemnium
832 4385 929 4424 nomen
941 4368 1068 4422 excidisse
1080 4367 1233 4436 suspicatus
1243 4370 1284 4420 est
1296 4367 1315 4424 l.
1325 4382 1347 4418 c.
1361 4364 1487 4419 Sacadem

252 4455 341 4526 Argis,
353 4455 560 4510 Echembrotum
579 4453 608 4508 in
626 4454 742 4509 Arcadia
761 4470 861 4525 agonas
879 4455 995 4508 musicos
1008 4453 1161 4507 instituisse
1179 4451 1355 4521 probabiliter
1367 4449 1489 4504 homines

250 4542 327 4596 docti
345 4542 526 4596 coniecerunt.

360 4628 380 4694 ⁵)
399 4627 488 4683 Sobel.
508 4627 585 4683 Pind.
599 4627 677 4682 Nem.
690 4625 775 4684 vl111
795 4632 810 4680 2
831 4629 868 4696 (p.
878 4631 928 4680 491
948 4641 988 4695 sq.
1007 4624 1147 4695 B0echh.)3
1165 4623 1199 4679 of.
1211 4621 1339 4676 Boeclrhii
1357 4620 1489 4684 adata,

250 4713 354 4768 Krause
373 4714 492 4784 Pythian
512 4715 628 4771 Nemeen
646 4713 780 4768 lsthmien
798 4725 824 4782 p.
840 4718 872 4766 76
885 4728 924 4781 sq.
944 4713 1000 4780 ipse
1019 4710 1153 4765 Pindarus
1167 4709 1313 4764 Adrastum
1326 4708 1425 4778 Pythia
1438 4706 1489 4760 illa
