<?xml version="1.0" encoding="UTF-8"?>
<!DOCTYPE html PUBLIC "-//W3C//DTD XHTML 1.0 Transitional//EN"
    "http://www.w3.org/TR/xhtml1/DTD/xhtml1-transitional.dtd">
<html xmlns="http://www.w3.org/1999/xhtml" xml:lang="en" lang="en">
 <head>
  <title>
</title>
<meta http-equiv="Content-Type" content="text/html;charset=utf-8" />
  <meta name='ocr-system' content='tesseract 3.04.00' />
  <meta name='ocr-capabilities' content='ocr_page ocr_carea ocr_par ocr_line ocrx_word'/>
</head>
<body>
  <div class='ocr_page' id='page_1' title='image "./demusicisgraeco01reisgoog_0083.png"; bbox 0 0 3604 5348; ppageno 0'>
   <div class='ocr_carea' id='block_1_1' title="bbox 1454 472 1500 538">
    <p class='ocr_par' dir='ltr' id='par_1_1' title="bbox 1454 472 1500 538">
     <span class='ocr_line' id='line_1_1' title="bbox 1454 472 1500 538; baseline 0.065 -3"><span class='ocrx_word' id='word_1_1' title='bbox 1454 472 1500 538; x_wconf 78' lang='lat'>75</span> 
     </span>
    </p>
   </div>
   <div class='ocr_carea' id='block_1_2' title="bbox 256 669 1499 2100">
    <p class='ocr_par' dir='ltr' id='par_1_2' title="bbox 256 669 1499 2100">
     <span class='ocr_line' id='line_1_2' title="bbox 361 669 1498 755; baseline 0.004 -21"><span class='ocrx_word' id='word_1_2' title='bbox 361 669 494 736; x_wconf 76' lang='lat' dir='ltr'>Necesse</span> <span class='ocrx_word' id='word_1_3' title='bbox 516 669 614 754; x_wconf 85' lang='lat' dir='ltr'>igitur</span> <span class='ocrx_word' id='word_1_4' title='bbox 638 674 706 736; x_wconf 86' lang='lat' dir='ltr'>eret</span> <span class='ocrx_word' id='word_1_5' title='bbox 729 671 823 736; x_wconf 90' lang='lat' dir='ltr'>certis</span> <span class='ocrx_word' id='word_1_6' title='bbox 847 671 970 755; x_wconf 83' lang='lat' dir='ltr'>legibus</span> <span class='ocrx_word' id='word_1_7' title='bbox 1001 673 1139 738; x_wconf 82' lang='lat' dir='ltr'>stabiliri</span> <span class='ocrx_word' id='word_1_8' title='bbox 1168 672 1241 737; x_wconf 83' lang='lat' dir='ltr'>illas</span> <span class='ocrx_word' id='word_1_9' title='bbox 1258 673 1423 738; x_wconf 84' lang='lat' dir='ltr'>artificum</span> <span class='ocrx_word' id='word_1_10' title='bbox 1446 692 1498 738; x_wconf 86' lang='lat' dir='ltr'>so-</span> 
     </span>
     <span class='ocr_line' id='line_1_3' title="bbox 259 773 1496 858; baseline 0.003 -21"><span class='ocrx_word' id='word_1_11' title='bbox 259 775 405 850; x_wconf 85' lang='lat' dir='ltr'>cietates,</span> <span class='ocrx_word' id='word_1_12' title='bbox 428 773 465 836; x_wconf 89' lang='lat' dir='ltr'>ut</span> <span class='ocrx_word' id='word_1_13' title='bbox 487 792 609 855; x_wconf 85' lang='lat' dir='ltr'>semper</span> <span class='ocrx_word' id='word_1_14' title='bbox 631 773 734 857; x_wconf 86' lang='lat' dir='ltr'>parati</span> <span class='ocrx_word' id='word_1_15' title='bbox 757 775 861 839; x_wconf 89' lang='lat' dir='ltr'>essent</span> <span class='ocrx_word' id='word_1_16' title='bbox 884 778 922 841; x_wconf 84' lang='lat' dir='ltr'>ed</span> <span class='ocrx_word' id='word_1_17' title='bbox 946 776 1107 840; x_wconf 89' lang='lat' dir='ltr'>subeunda</span> <span class='ocrx_word' id='word_1_18' title='bbox 1131 778 1303 841; x_wconf 83' lang='lat' dir='ltr'>certamina</span> <span class='ocrx_word' id='word_1_19' title='bbox 1328 778 1433 858; x_wconf 87' lang='lat' dir='ltr'>aliqua</span> <span class='ocrx_word' id='word_1_20' title='bbox 1457 779 1496 841; x_wconf 93' lang='lat' dir='ltr'>de</span> 
     </span>
     <span class='ocr_line' id='line_1_4' title="bbox 259 875 1495 963; baseline 0.003 -22"><span class='ocrx_word' id='word_1_21' title='bbox 259 893 352 941; x_wconf 83' lang='lat' dir='ltr'>causa</span> <span class='ocrx_word' id='word_1_22' title='bbox 374 875 531 942; x_wconf 87' lang='lat' dir='ltr'>institute.</span> <span class='ocrx_word' id='word_1_23' title='bbox 573 877 687 940; x_wconf 83' lang='lat' dir='ltr'>indeo</span> <span class='ocrx_word' id='word_1_24' title='bbox 716 879 806 942; x_wconf 89' lang='lat' dir='ltr'>tertii</span> <span class='ocrx_word' id='word_1_25' title='bbox 836 878 952 944; x_wconf 86' lang='lat' dir='ltr'>saeculi</span> <span class='ocrx_word' id='word_1_26' title='bbox 983 879 1073 943; x_wconf 89' lang='lat' dir='ltr'>initio</span> <span class='ocrx_word' id='word_1_27' title='bbox 1108 880 1159 943; x_wconf 82' lang='lat' dir='ltr'>vix</span> <span class='ocrx_word' id='word_1_28' title='bbox 1193 879 1276 944; x_wconf 91' lang='lat' dir='ltr'>ullus</span> <span class='ocrx_word' id='word_1_29' title='bbox 1308 884 1374 945; x_wconf 85' lang='lat' dir='ltr'>erat</span> <span class='ocrx_word' id='word_1_30' title='bbox 1403 886 1495 963; x_wconf 85' lang='lat' dir='ltr'>poete</span> 
     </span>
     <span class='ocr_line' id='line_1_5' title="bbox 258 980 1499 1065; baseline 0.002 -21"><span class='ocrx_word' id='word_1_31' title='bbox 258 981 314 1045; x_wconf 87' lang='lat' dir='ltr'>aut</span> <span class='ocrx_word' id='word_1_32' title='bbox 337 982 472 1044; x_wconf 88' lang='lat' dir='ltr'>musicus</span> <span class='ocrx_word' id='word_1_33' title='bbox 507 983 561 1044; x_wconf 87' lang='lat' dir='ltr'>aut</span> <span class='ocrx_word' id='word_1_34' title='bbox 588 980 716 1062; x_wconf 84' lang='lat' dir='ltr'>histrio,</span> <span class='ocrx_word' id='word_1_35' title='bbox 751 981 805 1062; x_wconf 92' lang='lat' dir='ltr'>qui</span> <span class='ocrx_word' id='word_1_36' title='bbox 839 999 900 1046; x_wconf 94' lang='lat' dir='ltr'>non</span> <span class='ocrx_word' id='word_1_37' title='bbox 927 982 1060 1065; x_wconf 85' lang='lat' dir='ltr'>collegio</span> <span class='ocrx_word' id='word_1_38' title='bbox 1095 984 1219 1047; x_wconf 88' lang='lat' dir='ltr'>cuidam</span> <span class='ocrx_word' id='word_1_39' title='bbox 1255 983 1413 1047; x_wconf 78' lang='lat' dir='ltr'>artificum</span> <span class='ocrx_word' id='word_1_40' title='bbox 1440 983 1499 1048; x_wconf 79' lang='lat' dir='ltr'>ed-</span> 
     </span>
     <span class='ocr_line' id='line_1_6' title="bbox 257 1083 1493 1168; baseline 0.003 -21"><span class='ocrx_word' id='word_1_41' title='bbox 257 1083 393 1165; x_wconf 90' lang='lat' dir='ltr'>soriptus</span> <span class='ocrx_word' id='word_1_42' title='bbox 429 1083 519 1146; x_wconf 87' lang='lat' dir='ltr'>esset.</span> <span class='ocrx_word' id='word_1_43' title='bbox 568 1100 700 1165; x_wconf 90' lang='lat' dir='ltr'>quorum</span> <span class='ocrx_word' id='word_1_44' title='bbox 734 1084 937 1168; x_wconf 84' lang='lat' dir='ltr'>collegiorum</span> <span class='ocrx_word' id='word_1_45' title='bbox 971 1087 1109 1166; x_wconf 92' lang='lat' dir='ltr'>primum</span> <span class='ocrx_word' id='word_1_46' title='bbox 1143 1087 1276 1150; x_wconf 77' lang='lat' dir='ltr'>Athenis</span> <span class='ocrx_word' id='word_1_47' title='bbox 1310 1086 1493 1152; x_wconf 89' lang='lat' dir='ltr'>institutum</span> 
     </span>
     <span class='ocr_line' id='line_1_7' title="bbox 257 1185 1494 1272; baseline 0.003 -22"><span class='ocrx_word' id='word_1_48' title='bbox 257 1205 325 1250; x_wconf 90' lang='lat' dir='ltr'>esse</span> <span class='ocrx_word' id='word_1_49' title='bbox 347 1185 424 1250; x_wconf 87' lang='lat' dir='ltr'>satis</span> <span class='ocrx_word' id='word_1_50' title='bbox 453 1187 518 1250; x_wconf 89' lang='lat' dir='ltr'>veri</span> <span class='ocrx_word' id='word_1_51' title='bbox 549 1185 652 1252; x_wconf 90' lang='lat' dir='ltr'>simile</span> <span class='ocrx_word' id='word_1_52' title='bbox 682 1187 780 1270; x_wconf 83' lang='lat' dir='ltr'>est¹);</span> <span class='ocrx_word' id='word_1_53' title='bbox 824 1189 918 1252; x_wconf 88' lang='lat' dir='ltr'>tertio</span> <span class='ocrx_word' id='word_1_54' title='bbox 941 1187 1065 1254; x_wconf 88' lang='lat' dir='ltr'>saeculo</span> <span class='ocrx_word' id='word_1_55' title='bbox 1099 1190 1132 1252; x_wconf 92' lang='lat' dir='ltr'>in</span> <span class='ocrx_word' id='word_1_56' title='bbox 1149 1189 1224 1254; x_wconf 85' lang='lat' dir='ltr'>Asia</span> <span class='ocrx_word' id='word_1_57' title='bbox 1248 1189 1422 1272; x_wconf 76' lang='lat' dir='ltr'>min01·e⁹)‚</span> <span class='ocrx_word' id='word_1_58' title='bbox 1461 1192 1494 1254; x_wconf 92' lang='lat' dir='ltr'>in</span> 
     </span>
     <span class='ocr_line' id='line_1_8' title="bbox 258 1287 1495 1375; baseline 0.001 -20"><span class='ocrx_word' id='word_1_59' title='bbox 258 1292 418 1372; x_wconf 82' lang='lat' dir='ltr'>Aegypto,</span> <span class='ocrx_word' id='word_1_60' title='bbox 453 1288 488 1352; x_wconf 93' lang='lat' dir='ltr'>in</span> <span class='ocrx_word' id='word_1_61' title='bbox 511 1287 611 1372; x_wconf 80' lang='lat' dir='ltr'>Cypro</span> <span class='ocrx_word' id='word_1_62' title='bbox 621 1289 648 1372; x_wconf 75' lang='grc'>3)</span> <span class='ocrx_word' id='word_1_63' title='bbox 679 1288 798 1356; x_wconf 77' lang='lat' dir='ltr'>similia</span> <span class='ocrx_word' id='word_1_64' title='bbox 828 1291 1032 1355; x_wconf 87' lang='lat' dir='ltr'>inveniuntur</span> <span class='ocrx_word' id='word_1_65' title='bbox 1060 1291 1208 1375; x_wconf 82' lang='lat' dir='ltr'>collegie3</span> <span class='ocrx_word' id='word_1_66' title='bbox 1246 1292 1336 1358; x_wconf 87' lang='lat' dir='ltr'>initio</span> <span class='ocrx_word' id='word_1_67' title='bbox 1363 1294 1495 1358; x_wconf 87' lang='lat' dir='ltr'>alterius</span> 
     </span>
     <span class='ocr_line' id='line_1_9' title="bbox 259 1387 1499 1482; baseline 0.003 -24"><span class='ocrx_word' id='word_1_68' title='bbox 259 1393 374 1458; x_wconf 86' lang='lat' dir='ltr'>saeculi</span> <span class='ocrx_word' id='word_1_69' title='bbox 408 1392 545 1474; x_wconf 90' lang='lat' dir='ltr'>primum</span> <span class='ocrx_word' id='word_1_70' title='bbox 584 1396 764 1460; x_wconf 87' lang='lat' dir='ltr'>nominatur</span> <span class='ocrx_word' id='word_1_71' title='bbox 802 1395 968 1478; x_wconf 80' lang='lat' dir='ltr'>collegium</span> <span class='ocrx_word' id='word_1_72' title='bbox 1005 1400 1070 1461; x_wconf 92' lang='grc' dir='ltr'>τῶν</span> <span class='ocrx_word' id='word_1_73' title='bbox 1102 1398 1136 1460; x_wconf 85' lang='grc' dir='ltr'>ἐν</span> <span class='ocrx_word' id='word_1_74' title='bbox 1166 1387 1280 1482; x_wconf 85' lang='grc' dir='ltr'>Ἰσθμῷ</span> <span class='ocrx_word' id='word_1_75' title='bbox 1303 1399 1353 1461; x_wconf 90' lang='grc' dir='ltr'>καὶ</span> <span class='ocrx_word' id='word_1_76' title='bbox 1392 1399 1499 1480; x_wconf 78' lang='grc' dir='ltr'>Νεμέᾳ</span> 
     </span>
     <span class='ocr_line' id='line_1_10' title="bbox 257 1494 1495 1579; baseline 0.003 -19"><span class='ocrx_word' id='word_1_77' title='bbox 257 1500 406 1576; x_wconf 85' lang='grc' dir='ltr'>τεχνιτῶν</span> <span class='ocrx_word' id='word_1_78' title='bbox 417 1494 457 1576; x_wconf 80' lang='lat'>⁴).</span> <span class='ocrx_word' id='word_1_79' title='bbox 497 1515 532 1562; x_wconf 88' lang='lat' dir='ltr'>ae</span> <span class='ocrx_word' id='word_1_80' title='bbox 561 1497 683 1562; x_wconf 87' lang='lat' dir='ltr'>minore</span> <span class='ocrx_word' id='word_1_81' title='bbox 715 1497 813 1562; x_wconf 85' lang='lat' dir='ltr'>etiam</span> <span class='ocrx_word' id='word_1_82' title='bbox 846 1497 879 1566; x_wconf 93' lang='lat' dir='ltr'>in</span> <span class='ocrx_word' id='word_1_83' title='bbox 909 1498 1042 1579; x_wconf 84' lang='lat' dir='ltr'>singulis</span> <span class='ocrx_word' id='word_1_84' title='bbox 1070 1499 1198 1563; x_wconf 87' lang='lat' dir='ltr'>urbibus</span> <span class='ocrx_word' id='word_1_85' title='bbox 1232 1499 1381 1566; x_wconf 85' lang='lat' dir='ltr'>sodalioia</span> <span class='ocrx_word' id='word_1_86' title='bbox 1415 1501 1495 1566; x_wconf 84' lang='lat' dir='ltr'>exti-</span> 
     </span>
     <span class='ocr_line' id='line_1_11' title="bbox 257 1598 1495 1692; baseline 0.004 -29"><span class='ocrx_word' id='word_1_87' title='bbox 257 1598 416 1683; x_wconf 85' lang='lat' dir='ltr'>terunt⁵),</span> <span class='ocrx_word' id='word_1_88' title='bbox 455 1618 533 1680; x_wconf 84' lang='lat' dir='ltr'>quae</span> <span class='ocrx_word' id='word_1_89' title='bbox 567 1619 801 1682; x_wconf 85' lang='lat' dir='ltr'>nonnumquam</span> <span class='ocrx_word' id='word_1_90' title='bbox 836 1601 990 1665; x_wconf 87' lang='lat' dir='ltr'>maiorum</span> <span class='ocrx_word' id='word_1_91' title='bbox 1026 1601 1229 1692; x_wconf 83' lang='lat' dir='ltr'>collegiorum</span> <span class='ocrx_word' id='word_1_92' title='bbox 1256 1604 1360 1684; x_wconf 85' lang='lat' dir='ltr'>partes</span> <span class='ocrx_word' id='word_1_93' title='bbox 1395 1603 1495 1670; x_wconf 85' lang='lat' dir='ltr'>fuisse</span> 
     </span>
     <span class='ocr_line' id='line_1_12' title="bbox 256 1701 1495 1787; baseline 0.006 -22"><span class='ocrx_word' id='word_1_94' title='bbox 256 1701 411 1767; x_wconf 84' lang='lat' dir='ltr'>videntur.</span> <span class='ocrx_word' id='word_1_95' title='bbox 449 1701 556 1784; x_wconf 85' lang='lat' dir='ltr'>itaque</span> <span class='ocrx_word' id='word_1_96' title='bbox 585 1703 702 1787; x_wconf 90' lang='lat' dir='ltr'>ubique</span> <span class='ocrx_word' id='word_1_97' title='bbox 731 1705 810 1782; x_wconf 85' lang='lat' dir='ltr'>fere,</span> <span class='ocrx_word' id='word_1_98' title='bbox 853 1705 906 1770; x_wconf 93' lang='lat' dir='ltr'>ubi</span> <span class='ocrx_word' id='word_1_99' title='bbox 941 1705 1114 1770; x_wconf 85' lang='lat' dir='ltr'>certamina</span> <span class='ocrx_word' id='word_1_100' title='bbox 1149 1707 1272 1770; x_wconf 79' lang='lat' dir='ltr'>musice</span> <span class='ocrx_word' id='word_1_101' title='bbox 1301 1707 1359 1772; x_wconf 90' lang='lat' dir='ltr'>hec</span> <span class='ocrx_word' id='word_1_102' title='bbox 1393 1709 1495 1772; x_wconf 85' lang='lat' dir='ltr'>aetate</span> 
     </span>
     <span class='ocr_line' id='line_1_13' title="bbox 259 1805 1496 1892; baseline 0.004 -22"><span class='ocrx_word' id='word_1_103' title='bbox 259 1805 418 1872; x_wconf 87' lang='lat' dir='ltr'>celebrata</span> <span class='ocrx_word' id='word_1_104' title='bbox 441 1825 507 1870; x_wconf 87' lang='lat' dir='ltr'>esse</span> <span class='ocrx_word' id='word_1_105' title='bbox 531 1807 689 1886; x_wconf 82' lang='lat' dir='ltr'>dicuntur,</span> <span class='ocrx_word' id='word_1_106' title='bbox 713 1807 847 1873; x_wconf 85' lang='lat' dir='ltr'>artifices</span> <span class='ocrx_word' id='word_1_107' title='bbox 866 1807 1049 1892; x_wconf 81' lang='lat' dir='ltr'>Dionysieci</span> <span class='ocrx_word' id='word_1_108' title='bbox 1073 1811 1364 1886; x_wconf 86' lang='lat' dir='ltr'>commemorantur,</span> <span class='ocrx_word' id='word_1_109' title='bbox 1388 1811 1496 1875; x_wconf 86' lang='lat' dir='ltr'>itaut</span> 
     </span>
     <span class='ocr_line' id='line_1_14' title="bbox 260 1908 1497 1995; baseline 0.005 -23"><span class='ocrx_word' id='word_1_110' title='bbox 260 1927 329 1973; x_wconf 85' lang='lat' dir='ltr'>raro</span> <span class='ocrx_word' id='word_1_111' title='bbox 353 1908 474 1992; x_wconf 85' lang='lat' dir='ltr'>singuli</span> <span class='ocrx_word' id='word_1_112' title='bbox 496 1913 605 1991; x_wconf 87' lang='lat' dir='ltr'>poetae</span> <span class='ocrx_word' id='word_1_113' title='bbox 634 1915 665 1976; x_wconf 90' lang='lat' dir='ltr'>et</span> <span class='ocrx_word' id='word_1_114' title='bbox 696 1912 824 1990; x_wconf 88' lang='lat' dir='ltr'>musici,</span> <span class='ocrx_word' id='word_1_115' title='bbox 863 1912 917 1993; x_wconf 92' lang='lat' dir='ltr'>qui</span> <span class='ocrx_word' id='word_1_116' title='bbox 952 1930 1025 1976; x_wconf 82' lang='lat' dir='ltr'>casu</span> <span class='ocrx_word' id='word_1_117' title='bbox 1049 1915 1270 1988; x_wconf 82' lang='lat' dir='ltr'>convenerant,</span> <span class='ocrx_word' id='word_1_118' title='bbox 1308 1914 1497 1995; x_wconf 87' lang='lat' dir='ltr'>plerumque</span> 
     </span>
     <span class='ocr_line' id='line_1_15' title="bbox 259 2011 1494 2100; baseline 0.005 -24"><span class='ocrx_word' id='word_1_119' title='bbox 259 2011 383 2076; x_wconf 85' lang='lat' dir='ltr'>sodales</span> <span class='ocrx_word' id='word_1_120' title='bbox 414 2011 505 2077; x_wconf 90' lang='lat' dir='ltr'>unius</span> <span class='ocrx_word' id='word_1_121' title='bbox 536 2012 679 2097; x_wconf 82' lang='lat' dir='ltr'>collegii,</span> <span class='ocrx_word' id='word_1_122' title='bbox 713 2032 949 2096; x_wconf 85' lang='lat' dir='ltr'>nonnumquam</span> <span class='ocrx_word' id='word_1_123' title='bbox 977 2015 1117 2096; x_wconf 90' lang='lat' dir='ltr'>plurium</span> <span class='ocrx_word' id='word_1_124' title='bbox 1146 2035 1266 2098; x_wconf 90' lang='lat' dir='ltr'>quoque</span> <span class='ocrx_word' id='word_1_125' title='bbox 1291 2017 1494 2100; x_wconf 87' lang='lat' dir='ltr'>collegiorum</span> 
     </span>
    </p>
   </div>
   <div class='ocr_carea' id='block_1_3' title="bbox 256 2292 1496 3142">
    <p class='ocr_par' dir='ltr' id='par_1_3' title="bbox 256 2292 1496 3142">
     <span class='ocr_line' id='line_1_16' title="bbox 262 2292 1494 2364; baseline 0.001 -15"><span class='ocrx_word' id='word_1_126' title='bbox 262 2297 426 2350; x_wconf 76' lang='lat' dir='ltr'>athletarum</span> <span class='ocrx_word' id='word_1_127' title='bbox 445 2296 485 2348; x_wconf 88' lang='lat' dir='ltr'>sio</span> <span class='ocrx_word' id='word_1_128' title='bbox 503 2296 684 2349; x_wconf 90' lang='lat' dir='ltr'>communium</span> <span class='ocrx_word' id='word_1_129' title='bbox 694 2295 853 2363; x_wconf 81' lang='lat' dir='ltr'>sculptorum</span> <span class='ocrx_word' id='word_1_130' title='bbox 872 2295 1020 2349; x_wconf 87' lang='lat' dir='ltr'>victoribus</span> <span class='ocrx_word' id='word_1_131' title='bbox 1034 2297 1152 2364; x_wconf 82' lang='lat' dir='ltr'>praemia</span> <span class='ocrx_word' id='word_1_132' title='bbox 1164 2300 1192 2350; x_wconf 87' lang='lat' dir='ltr'>et</span> <span class='ocrx_word' id='word_1_133' title='bbox 1204 2299 1316 2352; x_wconf 91' lang='lat' dir='ltr'>honores</span> <span class='ocrx_word' id='word_1_134' title='bbox 1329 2292 1494 2351; x_wconf 79' lang='lat' dir='ltr'>constituit’.</span> 
     </span>
     <span class='ocr_line' id='line_1_17' title="bbox 256 2378 1495 2451; baseline 0 -15"><span class='ocrx_word' id='word_1_135' title='bbox 256 2399 380 2451; x_wconf 88' lang='lat' dir='ltr'>pompam</span> <span class='ocrx_word' id='word_1_136' title='bbox 401 2381 589 2450; x_wconf 84' lang='lat' dir='ltr'>Dionysiaeam</span> <span class='ocrx_word' id='word_1_137' title='bbox 609 2381 761 2434; x_wconf 85' lang='lat' dir='ltr'>Callixenns</span> <span class='ocrx_word' id='word_1_138' title='bbox 780 2381 901 2434; x_wconf 83' lang='lat' dir='ltr'>Rhodius</span> <span class='ocrx_word' id='word_1_139' title='bbox 925 2382 956 2435; x_wconf 87' lang='grc' dir='ltr'>ἐν</span> <span class='ocrx_word' id='word_1_140' title='bbox 975 2388 1017 2450; x_wconf 85' lang='grc' dir='ltr'>τῶ</span> <span class='ocrx_word' id='word_1_141' title='bbox 1045 2384 1177 2450; x_wconf 85' lang='grc' dir='ltr'>τετάρτῳ</span> <span class='ocrx_word' id='word_1_142' title='bbox 1197 2387 1261 2450; x_wconf 87' lang='grc' dir='ltr'>περί</span> <span class='ocrx_word' id='word_1_143' title='bbox 1276 2378 1495 2450; x_wconf 77' lang='grc' dir='ltr'>Ἀλεξανδρείας</span> 
     </span>
     <span class='ocr_line' id='line_1_18' title="bbox 256 2465 1496 2538; baseline 0.001 -16"><span class='ocrx_word' id='word_1_144' title='bbox 256 2465 385 2524; x_wconf 70' lang='lat' dir='ltr'>describit</span> <span class='ocrx_word' id='word_1_145' title='bbox 410 2469 485 2536; x_wconf 81' lang='lat' dir='ltr'>(Atb.</span> <span class='ocrx_word' id='word_1_146' title='bbox 504 2469 528 2521; x_wconf 90' lang='lat' dir='ltr'><strong>V</strong></span> <span class='ocrx_word' id='word_1_147' title='bbox 548 2474 597 2522; x_wconf 87' lang='lat'>198</span> <span class='ocrx_word' id='word_1_148' title='bbox 616 2469 652 2534; x_wconf 83' lang='lat' dir='ltr'>bl,</span> <span class='ocrx_word' id='word_1_149' title='bbox 679 2468 707 2521; x_wconf 88' lang='lat' dir='ltr'>in</span> <span class='ocrx_word' id='word_1_150' title='bbox 735 2483 788 2536; x_wconf 86' lang='lat' dir='ltr'>qua</span> <span class='ocrx_word' id='word_1_151' title='bbox 815 2469 970 2534; x_wconf 83' lang='grc' dir='ltr'>ἐπορεύετο</span> <span class='ocrx_word' id='word_1_152' title='bbox 1000 2467 1131 2532; x_wconf 82' lang='grc' dir='ltr'>Φιλίσκος</span> <span class='ocrx_word' id='word_1_153' title='bbox 1155 2471 1311 2536; x_wconf 83' lang='grc' dir='ltr'>δποιητὴς</span> <span class='ocrx_word' id='word_1_154' title='bbox 1338 2469 1430 2538; x_wconf 84' lang='grc' dir='ltr'>ἱερεὺς</span> <span class='ocrx_word' id='word_1_155' title='bbox 1451 2471 1496 2523; x_wconf 86' lang='grc' dir='ltr'>ῶν</span> 
     </span>
     <span class='ocr_line' id='line_1_19' title="bbox 256 2554 1493 2623; baseline -0.002 -13"><span class='ocrx_word' id='word_1_156' title='bbox 256 2559 400 2612; x_wconf 84' lang='grc' dir='ltr'>Διονύσου</span> <span class='ocrx_word' id='word_1_157' title='bbox 419 2557 465 2608; x_wconf 84' lang='grc' dir='ltr'>καί</span> <span class='ocrx_word' id='word_1_158' title='bbox 483 2557 589 2618; x_wconf 87' lang='grc' dir='ltr'>πάντες</span> <span class='ocrx_word' id='word_1_159' title='bbox 608 2554 634 2608; x_wconf 86' lang='grc' dir='ltr'>οἱ</span> <span class='ocrx_word' id='word_1_160' title='bbox 651 2557 716 2621; x_wconf 89' lang='grc' dir='ltr'>περί</span> <span class='ocrx_word' id='word_1_161' title='bbox 734 2555 786 2608; x_wconf 88' lang='grc' dir='ltr'>τὸν</span> <span class='ocrx_word' id='word_1_162' title='bbox 805 2554 950 2608; x_wconf 90' lang='grc' dir='ltr'>Διόνυσον</span> <span class='ocrx_word' id='word_1_163' title='bbox 968 2559 1104 2620; x_wconf 84' lang='grc' dir='ltr'>τεχνῖται.</span> <span class='ocrx_word' id='word_1_164' title='bbox 1141 2559 1270 2623; x_wconf 83' lang='lat' dir='ltr'>quantum</span> <span class='ocrx_word' id='word_1_165' title='bbox 1290 2556 1355 2609; x_wconf 88' lang='lat' dir='ltr'>haec</span> <span class='ocrx_word' id='word_1_166' title='bbox 1378 2555 1493 2623; x_wconf 84' lang='lat' dir='ltr'>collegia</span> 
     </span>
     <span class='ocr_line' id='line_1_20' title="bbox 256 2640 1494 2711; baseline 0 -15"><span class='ocrx_word' id='word_1_167' title='bbox 256 2646 316 2705; x_wconf 75' lang='lat' dir='ltr'>tota</span> <span class='ocrx_word' id='word_1_168' title='bbox 334 2645 457 2711; x_wconf 84' lang='lat' dir='ltr'>Aegypto</span> <span class='ocrx_word' id='word_1_169' title='bbox 475 2641 624 2704; x_wconf 88' lang='lat' dir='ltr'>floruerint,</span> <span class='ocrx_word' id='word_1_170' title='bbox 652 2641 840 2694; x_wconf 83' lang='lat' dir='ltr'>demonstrant</span> <span class='ocrx_word' id='word_1_171' title='bbox 859 2640 938 2692; x_wconf 89' lang='lat' dir='ltr'>tituli</span> <span class='ocrx_word' id='word_1_172' title='bbox 956 2645 1095 2706; x_wconf 83' lang='grc' dir='ltr'>τεχνιτῶν</span> <span class='ocrx_word' id='word_1_173' title='bbox 1114 2647 1174 2696; x_wconf 91' lang='grc' dir='ltr'>τῶν</span> <span class='ocrx_word' id='word_1_174' title='bbox 1192 2646 1257 2709; x_wconf 87' lang='grc' dir='ltr'>περί</span> <span class='ocrx_word' id='word_1_175' title='bbox 1276 2645 1328 2697; x_wconf 88' lang='grc' dir='ltr'>τὸν</span> <span class='ocrx_word' id='word_1_176' title='bbox 1346 2644 1494 2698; x_wconf 88' lang='grc' dir='ltr'>Διόνυσον</span> 
     </span>
     <span class='ocr_line' id='line_1_21' title="bbox 257 2725 1495 2798; baseline -0.002 -15"><span class='ocrx_word' id='word_1_177' title='bbox 257 2733 303 2783; x_wconf 87' lang='grc' dir='ltr'>καί</span> <span class='ocrx_word' id='word_1_178' title='bbox 322 2730 405 2792; x_wconf 84' lang='grc' dir='ltr'>θεοὺς</span> <span class='ocrx_word' id='word_1_179' title='bbox 423 2729 564 2794; x_wconf 87' lang='grc' dir='ltr'>ἀδελφοὺς</span> <span class='ocrx_word' id='word_1_180' title='bbox 583 2725 750 2780; x_wconf 85' lang='lat' dir='ltr'>Ptolemaide</span> <span class='ocrx_word' id='word_1_181' title='bbox 768 2726 867 2794; x_wconf 89' lang='lat' dir='ltr'>reperti</span> <span class='ocrx_word' id='word_1_182' title='bbox 888 2726 968 2790; x_wconf 88' lang='lat' dir='ltr'>(Bull.</span> <span class='ocrx_word' id='word_1_183' title='bbox 981 2726 1012 2778; x_wconf 89' lang='lat' dir='ltr'>de</span> <span class='ocrx_word' id='word_1_184' title='bbox 1030 2742 1095 2782; x_wconf 89' lang='lat' dir='ltr'>corr.</span> <span class='ocrx_word' id='word_1_185' title='bbox 1110 2727 1172 2781; x_wconf 88' lang='lat' dir='ltr'>hell.</span> <span class='ocrx_word' id='word_1_186' title='bbox 1195 2733 1260 2782; x_wconf 84' lang='lat'>1885</span> <span class='ocrx_word' id='word_1_187' title='bbox 1279 2745 1305 2796; x_wconf 93' lang='lat' dir='ltr'>p.</span> <span class='ocrx_word' id='word_1_188' title='bbox 1321 2735 1367 2782; x_wconf 76' lang='lat'>132</span> <span class='ocrx_word' id='word_1_189' title='bbox 1382 2731 1409 2783; x_wconf 88' lang='lat' dir='ltr'>et</span> <span class='ocrx_word' id='word_1_190' title='bbox 1425 2731 1495 2798; x_wconf 78' lang='lat' dir='ltr'>tto),</span> 
     </span>
     <span class='ocr_line' id='line_1_22' title="bbox 256 2813 1491 2884; baseline -0.002 -14"><span class='ocrx_word' id='word_1_191' title='bbox 256 2817 286 2870; x_wconf 90' lang='lat' dir='ltr'>in</span> <span class='ocrx_word' id='word_1_192' title='bbox 304 2831 417 2884; x_wconf 85' lang='lat' dir='ltr'>quorum</span> <span class='ocrx_word' id='word_1_193' title='bbox 437 2814 526 2882; x_wconf 85' lang='lat' dir='ltr'>priore</span> <span class='ocrx_word' id='word_1_194' title='bbox 544 2813 652 2880; x_wconf 82' lang='lat' dir='ltr'>collegii</span> <span class='ocrx_word' id='word_1_195' title='bbox 671 2813 775 2865; x_wconf 84' lang='lat' dir='ltr'>sodales</span> <span class='ocrx_word' id='word_1_196' title='bbox 794 2815 984 2865; x_wconf 87' lang='lat' dir='ltr'>enumerantur</span> <span class='ocrx_word' id='word_1_197' title='bbox 1011 2813 1054 2867; x_wconf 86' lang='lat' dir='ltr'>hi:</span> <span class='ocrx_word' id='word_1_198' title='bbox 1083 2816 1255 2882; x_wconf 83' lang='grc' dir='ltr'>τραγῳδιῶν</span> <span class='ocrx_word' id='word_1_199' title='bbox 1284 2818 1400 2881; x_wconf 86' lang='grc' dir='ltr'>ποιηταὶ</span> <span class='ocrx_word' id='word_1_200' title='bbox 1431 2814 1491 2879; x_wconf 86' lang='lat' dir='ltr'>duo,</span> 
     </span>
     <span class='ocr_line' id='line_1_23' title="bbox 257 2891 1493 2970; baseline -0.001 -16"><span class='ocrx_word' id='word_1_201' title='bbox 257 2902 419 2970; x_wconf 82' lang='grc' dir='ltr'>κωμῳδιῶν</span> <span class='ocrx_word' id='word_1_202' title='bbox 436 2918 465 2954; x_wconf 89' lang='grc' dir='ltr'>π.</span> <span class='ocrx_word' id='word_1_203' title='bbox 485 2899 545 2963; x_wconf 88' lang='lat' dir='ltr'>due,</span> <span class='ocrx_word' id='word_1_204' title='bbox 565 2900 643 2952; x_wconf 82' lang='grc' dir='ltr'>ἐπῶν</span> <span class='ocrx_word' id='word_1_205' title='bbox 661 2916 688 2953; x_wconf 92' lang='grc' dir='ltr'>π.</span> <span class='ocrx_word' id='word_1_206' title='bbox 707 2900 770 2962; x_wconf 88' lang='lat' dir='ltr'>tres,</span> <span class='ocrx_word' id='word_1_207' title='bbox 785 2899 950 2966; x_wconf 76' lang='grc' dir='ltr'>κιθαρῳδός,</span> <span class='ocrx_word' id='word_1_208' title='bbox 970 2899 1142 2966; x_wconf 84' lang='grc' dir='ltr'>κιθαριστής,</span> <span class='ocrx_word' id='word_1_209' title='bbox 1161 2891 1313 2968; x_wconf 64' lang='grc' dir='ltr'>δρχηστῇἲ,</span> <span class='ocrx_word' id='word_1_210' title='bbox 1332 2902 1493 2969; x_wconf 84' lang='grc' dir='ltr'>τραγῳδός,</span> 
     </span>
     <span class='ocr_line' id='line_1_24' title="bbox 257 2986 1496 3055; baseline 0.001 -15"><span class='ocrx_word' id='word_1_211' title='bbox 257 2988 393 3055; x_wconf 80' lang='grc' dir='ltr'>κωμῳδοί</span> <span class='ocrx_word' id='word_1_212' title='bbox 411 3001 464 3050; x_wconf 82' lang='lat' dir='ltr'>sex,</span> <span class='ocrx_word' id='word_1_213' title='bbox 483 2986 696 3050; x_wconf 80' lang='grc' dir='ltr'>συναγωνισταὶ</span> <span class='ocrx_word' id='word_1_214' title='bbox 715 2986 843 3051; x_wconf 87' lang='grc' dir='ltr'>τραγικοί</span> <span class='ocrx_word' id='word_1_215' title='bbox 862 2987 997 3051; x_wconf 80' lang='lat' dir='ltr'>quattuor,</span> <span class='ocrx_word' id='word_1_216' title='bbox 1017 2987 1348 3054; x_wconf 84' lang='grc' dir='ltr'>χοροδιδάσκαλος,</span> <span class='ocrx_word' id='word_1_217' title='bbox 1366 2989 1496 3054; x_wconf 84' lang='grc' dir='ltr'>αὐλητὴς</span> 
     </span>
     <span class='ocr_line' id='line_1_25' title="bbox 256 3070 773 3142; baseline -0.004 -15"><span class='ocrx_word' id='word_1_218' title='bbox 256 3073 398 3142; x_wconf 79' lang='grc' dir='ltr'>τραγικός,</span> <span class='ocrx_word' id='word_1_219' title='bbox 417 3070 579 3139; x_wconf 70' lang='grc' dir='ltr'>σαλπικτής,</span> <span class='ocrx_word' id='word_1_220' title='bbox 598 3071 773 3132; x_wconf 81' lang='grc' dir='ltr'>σκευοποιὸς.</span> 
     </span>
    </p>
   </div>
   <div class='ocr_carea' id='block_1_4' title="bbox 257 3183 1493 3424">
    <p class='ocr_par' dir='ltr' id='par_1_4' title="bbox 257 3183 1493 3424">
     <span class='ocr_line' id='line_1_26' title="bbox 367 3183 1493 3252; baseline 0.001 -16"><span class='ocrx_word' id='word_1_221' title='bbox 367 3187 382 3252; x_wconf 88' lang='lat'>¹)</span> <span class='ocrx_word' id='word_1_222' title='bbox 402 3185 505 3251; x_wconf 84' lang='lat' dir='ltr'>Sauppe</span> <span class='ocrx_word' id='word_1_223' title='bbox 523 3183 541 3235; x_wconf 92' lang='lat' dir='ltr'>l.</span> <span class='ocrx_word' id='word_1_224' title='bbox 561 3198 582 3235; x_wconf 91' lang='lat' dir='ltr'>c.</span> <span class='ocrx_word' id='word_1_225' title='bbox 601 3197 625 3249; x_wconf 90' lang='lat' dir='ltr'>p.</span> <span class='ocrx_word' id='word_1_226' title='bbox 646 3187 662 3234; x_wconf 82' lang='lat'>4</span> <span class='ocrx_word' id='word_1_227' title='bbox 681 3184 736 3235; x_wconf 89' lang='lat' dir='ltr'>veri</span> <span class='ocrx_word' id='word_1_228' title='bbox 754 3184 841 3237; x_wconf 90' lang='lat' dir='ltr'>simile</span> <span class='ocrx_word' id='word_1_229' title='bbox 861 3185 938 3251; x_wconf 88' lang='lat' dir='ltr'>putat</span> <span class='ocrx_word' id='word_1_230' title='bbox 955 3184 1009 3236; x_wconf 86' lang='lat' dir='ltr'>iam</span> <span class='ocrx_word' id='word_1_231' title='bbox 1029 3183 1115 3238; x_wconf 88' lang='lat' dir='ltr'>medio</span> <span class='ocrx_word' id='word_1_232' title='bbox 1135 3185 1239 3237; x_wconf 84' lang='lat' dir='ltr'>saeculo</span> <span class='ocrx_word' id='word_1_233' title='bbox 1257 3187 1353 3252; x_wconf 85' lang='lat' dir='ltr'>quarto</span> <span class='ocrx_word' id='word_1_234' title='bbox 1373 3185 1493 3238; x_wconf 83' lang='lat' dir='ltr'>artifices</span> 
     </span>
     <span class='ocr_line' id='line_1_27' title="bbox 258 3268 1493 3339; baseline -0.001 -14"><span class='ocrx_word' id='word_1_235' title='bbox 258 3271 435 3324; x_wconf 81' lang='lat' dir='ltr'>Athenienses</span> <span class='ocrx_word' id='word_1_236' title='bbox 453 3268 581 3322; x_wconf 89' lang='lat' dir='ltr'>sodalicio</span> <span class='ocrx_word' id='word_1_237' title='bbox 600 3268 691 3337; x_wconf 86' lang='lat' dir='ltr'>aliquo</span> <span class='ocrx_word' id='word_1_238' title='bbox 710 3269 866 3324; x_wconf 88' lang='lat' dir='ltr'>coniunctos</span> <span class='ocrx_word' id='word_1_239' title='bbox 886 3270 976 3322; x_wconf 86' lang='lat' dir='ltr'>luisse.</span> <span class='ocrx_word' id='word_1_240' title='bbox 1003 3272 1117 3338; x_wconf 89' lang='lat' dir='ltr'>primum</span> <span class='ocrx_word' id='word_1_241' title='bbox 1146 3270 1173 3324; x_wconf 90' lang='grc' dir='ltr'>οί</span> <span class='ocrx_word' id='word_1_242' title='bbox 1191 3274 1255 3339; x_wconf 89' lang='grc' dir='ltr'>περί</span> <span class='ocrx_word' id='word_1_243' title='bbox 1274 3273 1326 3324; x_wconf 83' lang='grc' dir='ltr'>τὸν</span> <span class='ocrx_word' id='word_1_244' title='bbox 1345 3272 1493 3325; x_wconf 89' lang='grc' dir='ltr'>Διόνυσον</span> 
     </span>
     <span class='ocr_line' id='line_1_28' title="bbox 257 3355 1492 3424; baseline -0.004 -12"><span class='ocrx_word' id='word_1_245' title='bbox 257 3362 385 3424; x_wconf 84' lang='grc' dir='ltr'>τεχνῖται</span> <span class='ocrx_word' id='word_1_246' title='bbox 412 3355 528 3408; x_wconf 84' lang='lat' dir='ltr'>Athenis</span> <span class='ocrx_word' id='word_1_247' title='bbox 555 3356 601 3420; x_wconf 84' lang='lat' dir='ltr'>ita,</span> <span class='ocrx_word' id='word_1_248' title='bbox 629 3358 661 3408; x_wconf 87' lang='lat' dir='ltr'>ut</span> <span class='ocrx_word' id='word_1_249' title='bbox 688 3356 830 3424; x_wconf 85' lang='lat' dir='ltr'>collegium</span> <span class='ocrx_word' id='word_1_250' title='bbox 857 3371 947 3408; x_wconf 88' lang='lat' dir='ltr'>eorum</span> <span class='ocrx_word' id='word_1_251' title='bbox 975 3355 1095 3408; x_wconf 82' lang='lat' dir='ltr'>extitisse</span> <span class='ocrx_word' id='word_1_252' title='bbox 1122 3355 1242 3422; x_wconf 79' lang='lat' dir='ltr'>colligas,</span> <span class='ocrx_word' id='word_1_253' title='bbox 1270 3356 1443 3410; x_wconf 86' lang='lat' dir='ltr'>nominantur</span> <span class='ocrx_word' id='word_1_254' title='bbox 1463 3357 1492 3407; x_wconf 90' lang='lat' dir='ltr'>in</span> 
     </span>
    </p>
   </div>
   <div class='ocr_carea' id='block_1_5' title="bbox 166 3441 1494 3517">
    <p class='ocr_par' dir='ltr' id='par_1_5' title="bbox 166 3441 1494 3517">
     <span class='ocr_line' id='line_1_29' title="bbox 166 3441 1494 3517; baseline -0.002 -21"><span class='ocrx_word' id='word_1_255' title='bbox 166 3514 167 3517; x_wconf 7' lang='grc' dir='ltr'><strong>Ἰ</strong></span> <span class='ocrx_word' id='word_1_256' title='bbox 258 3444 421 3496; x_wconf 85' lang='lat' dir='ltr'>conclamato</span> <span class='ocrx_word' id='word_1_257' title='bbox 440 3442 486 3494; x_wconf 92' lang='lat' dir='ltr'>illo</span> <span class='ocrx_word' id='word_1_258' title='bbox 505 3441 733 3510; x_wconf 84' lang='lat' dir='ltr'>Amphictyonum</span> <span class='ocrx_word' id='word_1_259' title='bbox 752 3442 857 3496; x_wconf 84' lang='lat' dir='ltr'>decreto</span> <span class='ocrx_word' id='word_1_260' title='bbox 876 3442 935 3496; x_wconf 41' lang='lat' dir='ltr'>Oli-l</span> <span class='ocrx_word' id='word_1_261' title='bbox 956 3442 985 3496; x_wconf 94' lang='lat' dir='ltr'>II</span> <span class='ocrx_word' id='word_1_262' title='bbox 1005 3447 1052 3494; x_wconf 87' lang='grc'>661</span> <span class='ocrx_word' id='word_1_263' title='bbox 1074 3443 1174 3510; x_wconf 86' lang='lat' dir='ltr'>(paucis</span> <span class='ocrx_word' id='word_1_264' title='bbox 1194 3441 1366 3495; x_wconf 87' lang='lat' dir='ltr'>utKoehlero</span> <span class='ocrx_word' id='word_1_265' title='bbox 1386 3442 1494 3494; x_wconf 88' lang='lat' dir='ltr'>videtur</span> 
     </span>
    </p>
   </div>
   <div class='ocr_carea' id='block_1_6' title="bbox 262 3529 630 3597">
    <p class='ocr_par' dir='ltr' id='par_1_6' title="bbox 262 3529 630 3597">
     <span class='ocr_line' id='line_1_30' title="bbox 262 3529 630 3597; baseline -0.008 -15"><span class='ocrx_word' id='word_1_266' title='bbox 262 3529 340 3582; x_wconf 90' lang='lat' dir='ltr'>annis</span> <span class='ocrx_word' id='word_1_267' title='bbox 359 3532 420 3597; x_wconf 86' lang='lat' dir='ltr'>post</span> <span class='ocrx_word' id='word_1_268' title='bbox 440 3533 489 3580; x_wconf 78' lang='lat'>279</span> <span class='ocrx_word' id='word_1_269' title='bbox 509 3529 630 3595; x_wconf 87' lang='lat' dir='ltr'>scripto).</span> 
     </span>
    </p>
   </div>
   <div class='ocr_carea' id='block_1_7' title="bbox 257 3632 1496 4032">
    <p class='ocr_par' dir='ltr' id='par_1_7' title="bbox 257 3632 1496 4032">
     <span class='ocr_line' id='line_1_31' title="bbox 365 3632 1496 3701; baseline 0 -15"><span class='ocrx_word' id='word_1_270' title='bbox 365 3635 384 3701; x_wconf 65' lang='grc' dir='ltr'>Ξ)</span> <span class='ocrx_word' id='word_1_271' title='bbox 404 3632 506 3686; x_wconf 88' lang='lat' dir='ltr'>Liiders</span> <span class='ocrx_word' id='word_1_272' title='bbox 525 3632 543 3688; x_wconf 90' lang='lat' dir='ltr'>l.</span> <span class='ocrx_word' id='word_1_273' title='bbox 563 3647 583 3686; x_wconf 90' lang='lat' dir='ltr'>o.</span> <span class='ocrx_word' id='word_1_274' title='bbox 604 3647 628 3698; x_wconf 88' lang='lat' dir='ltr'>p.</span> <span class='ocrx_word' id='word_1_275' title='bbox 649 3635 681 3684; x_wconf 81' lang='grc'>76</span> <span class='ocrx_word' id='word_1_276' title='bbox 700 3647 756 3700; x_wconf 91' lang='lat' dir='ltr'>sq.;</span> <span class='ocrx_word' id='word_1_277' title='bbox 784 3633 817 3684; x_wconf 90' lang='grc' dir='ltr'>τδ</span> <span class='ocrx_word' id='word_1_278' title='bbox 837 3632 933 3685; x_wconf 88' lang='grc' dir='ltr'>κοινὸν</span> <span class='ocrx_word' id='word_1_279' title='bbox 951 3636 1011 3684; x_wconf 90' lang='grc' dir='ltr'>τῶν</span> <span class='ocrx_word' id='word_1_280' title='bbox 1030 3633 1094 3699; x_wconf 80' lang='grc' dir='ltr'>περὶ</span> <span class='ocrx_word' id='word_1_281' title='bbox 1113 3633 1165 3684; x_wconf 88' lang='grc' dir='ltr'>τὸν</span> <span class='ocrx_word' id='word_1_282' title='bbox 1192 3632 1336 3686; x_wconf 88' lang='grc' dir='ltr'>Διόνυσον</span> <span class='ocrx_word' id='word_1_283' title='bbox 1354 3637 1496 3698; x_wconf 83' lang='grc' dir='ltr'>τεχνιτῶν</span> 
     </span>
     <span class='ocr_line' id='line_1_32' title="bbox 258 3712 1494 3785; baseline -0.003 -12"><span class='ocrx_word' id='word_1_284' title='bbox 258 3724 318 3773; x_wconf 88' lang='grc' dir='ltr'>τῶν</span> <span class='ocrx_word' id='word_1_285' title='bbox 355 3720 398 3773; x_wconf 73' lang='grc' dir='ltr'>ἐπ’</span> <span class='ocrx_word' id='word_1_286' title='bbox 424 3718 532 3782; x_wconf 89' lang='grc' dir='ltr'>Ἰωνίας</span> <span class='ocrx_word' id='word_1_287' title='bbox 568 3720 614 3770; x_wconf 86' lang='grc' dir='ltr'>καὶ</span> <span class='ocrx_word' id='word_1_288' title='bbox 649 3712 861 3783; x_wconf 76' lang='grc' dir='ltr'>Ἑλλησπόντου</span> <span class='ocrx_word' id='word_1_289' title='bbox 899 3715 970 3781; x_wconf 81' lang='lat' dir='ltr'>(CIG</span> <span class='ocrx_word' id='word_1_290' title='bbox 1006 3720 1088 3785; x_wconf 87' lang='grc'><strong>3067,</strong></span> <span class='ocrx_word' id='word_1_291' title='bbox 1125 3716 1226 3770; x_wconf 86' lang='lat' dir='ltr'>Liiders</span> <span class='ocrx_word' id='word_1_292' title='bbox 1262 3734 1287 3785; x_wconf 92' lang='lat' dir='ltr'>p.</span> <span class='ocrx_word' id='word_1_293' title='bbox 1323 3721 1370 3770; x_wconf 92' lang='grc'>177</span> <span class='ocrx_word' id='word_1_294' title='bbox 1399 3735 1425 3769; x_wconf 90' lang='lat' dir='ltr'>n.</span> <span class='ocrx_word' id='word_1_295' title='bbox 1452 3722 1494 3785; x_wconf 88' lang='lat'>83,</span> 
     </span>
     <span class='ocr_line' id='line_1_33' title="bbox 257 3801 1495 3872; baseline -0.003 -14"><span class='ocrx_word' id='word_1_296' title='bbox 257 3805 392 3859; x_wconf 85' lang='lat' dir='ltr'>Froehner</span> <span class='ocrx_word' id='word_1_297' title='bbox 410 3806 494 3858; x_wconf 84' lang='lat' dir='ltr'>Inscr.</span> <span class='ocrx_word' id='word_1_298' title='bbox 514 3804 538 3856; x_wconf 89' lang='lat' dir='ltr'>d.</span> <span class='ocrx_word' id='word_1_299' title='bbox 558 3803 659 3855; x_wconf 86' lang='lat' dir='ltr'>Louvre</span> <span class='ocrx_word' id='word_1_300' title='bbox 678 3819 704 3854; x_wconf 86' lang='lat' dir='ltr'>n.</span> <span class='ocrx_word' id='word_1_301' title='bbox 718 3806 772 3866; x_wconf 91' lang='grc'>67),</span> <span class='ocrx_word' id='word_1_302' title='bbox 786 3817 847 3855; x_wconf 90' lang='lat' dir='ltr'>cum</span> <span class='ocrx_word' id='word_1_303' title='bbox 866 3801 993 3854; x_wconf 83' lang='lat' dir='ltr'>Eumenis</span> <span class='ocrx_word' id='word_1_304' title='bbox 1006 3801 1174 3870; x_wconf 87' lang='lat' dir='ltr'>temporibus</span> <span class='ocrx_word' id='word_1_305' title='bbox 1188 3803 1325 3870; x_wconf 90' lang='lat' dir='ltr'>Delphicis</span> <span class='ocrx_word' id='word_1_306' title='bbox 1338 3803 1495 3872; x_wconf 83' lang='lat' dir='ltr'>Thespiacis</span> 
     </span>
     <span class='ocr_line' id='line_1_34' title="bbox 258 3887 1496 3959; baseline -0.002 -15"><span class='ocrx_word' id='word_1_307' title='bbox 258 3889 393 3944; x_wconf 82' lang='lat' dir='ltr'>Thebanis</span> <span class='ocrx_word' id='word_1_308' title='bbox 411 3890 483 3944; x_wconf 90' lang='lat' dir='ltr'>ludis</span> <span class='ocrx_word' id='word_1_309' title='bbox 501 3889 657 3942; x_wconf 87' lang='lat' dir='ltr'>interfuisse</span> <span class='ocrx_word' id='word_1_310' title='bbox 675 3888 789 3954; x_wconf 85' lang='lat' dir='ltr'>dicatur,</span> <span class='ocrx_word' id='word_1_311' title='bbox 810 3891 868 3941; x_wconf 90' lang='lat' dir='ltr'>sine</span> <span class='ocrx_word' id='word_1_312' title='bbox 887 3887 968 3942; x_wconf 91' lang='lat' dir='ltr'>dubio</span> <span class='ocrx_word' id='word_1_313' title='bbox 988 3888 1042 3942; x_wconf 84' lang='lat' dir='ltr'>iam</span> <span class='ocrx_word' id='word_1_314' title='bbox 1071 3889 1117 3942; x_wconf 88' lang='lat' dir='ltr'>diu</span> <span class='ocrx_word' id='word_1_315' title='bbox 1141 3890 1189 3942; x_wconf 84' lang='lat' dir='ltr'>Tei</span> <span class='ocrx_word' id='word_1_316' title='bbox 1209 3891 1327 3958; x_wconf 83' lang='lat' dir='ltr'>vigebat,</span> <span class='ocrx_word' id='word_1_317' title='bbox 1347 3893 1496 3959; x_wconf 85' lang='lat' dir='ltr'>antequam</span> 
     </span>
     <span class='ocr_line' id='line_1_35' title="bbox 260 3975 964 4032; baseline -0.001 -3"><span class='ocrx_word' id='word_1_318' title='bbox 260 3977 295 4030; x_wconf 88' lang='lat' dir='ltr'>ad</span> <span class='ocrx_word' id='word_1_319' title='bbox 314 3977 459 4032; x_wconf 85' lang='lat' dir='ltr'>certamina</span> <span class='ocrx_word' id='word_1_320' title='bbox 477 3977 504 4030; x_wconf 91' lang='lat' dir='ltr'>in</span> <span class='ocrx_word' id='word_1_321' title='bbox 523 3975 636 4030; x_wconf 82' lang='lat' dir='ltr'>Graecia</span> <span class='ocrx_word' id='word_1_322' title='bbox 654 3975 964 4030; x_wconf 78' lang='lat' dir='ltr'>obeundainuitaretur.</span> 
     </span>
    </p>
   </div>
   <div class='ocr_carea' id='block_1_8' title="bbox 362 4077 1432 4150">
    <p class='ocr_par' dir='ltr' id='par_1_8' title="bbox 362 4077 1432 4150">
     <span class='ocr_line' id='line_1_36' title="bbox 362 4077 1432 4150; baseline -0.003 -17"><span class='ocrx_word' id='word_1_323' title='bbox 362 4083 383 4146; x_wconf 78' lang='lat'>⁸)</span> <span class='ocrx_word' id='word_1_324' title='bbox 403 4081 441 4133; x_wconf 91' lang='lat' dir='ltr'>De</span> <span class='ocrx_word' id='word_1_325' title='bbox 459 4079 608 4133; x_wconf 85' lang='lat' dir='ltr'>artificibus</span> <span class='ocrx_word' id='word_1_326' title='bbox 626 4079 768 4150; x_wconf 81' lang='lat' dir='ltr'>Aegyptiis</span> <span class='ocrx_word' id='word_1_327' title='bbox 787 4079 821 4131; x_wconf 89' lang='lat' dir='ltr'>cf.</span> <span class='ocrx_word' id='word_1_328' title='bbox 840 4095 865 4146; x_wconf 91' lang='lat' dir='ltr'>p.</span> <span class='ocrx_word' id='word_1_329' title='bbox 886 4083 919 4130; x_wconf 90' lang='grc'>74</span> <span class='ocrx_word' id='word_1_330' title='bbox 936 4077 996 4132; x_wconf 87' lang='lat' dir='ltr'>adn.</span> <span class='ocrx_word' id='word_1_331' title='bbox 1015 4084 1040 4142; x_wconf 83' lang='lat'>3,</span> <span class='ocrx_word' id='word_1_332' title='bbox 1058 4079 1089 4133; x_wconf 93' lang='lat' dir='ltr'>de</span> <span class='ocrx_word' id='word_1_333' title='bbox 1109 4080 1214 4148; x_wconf 79' lang='lat' dir='ltr'>Cypriis</span> <span class='ocrx_word' id='word_1_334' title='bbox 1233 4097 1258 4148; x_wconf 90' lang='grc' dir='ltr'>ρ.</span> <span class='ocrx_word' id='word_1_335' title='bbox 1277 4086 1309 4134; x_wconf 86' lang='grc'>69</span> <span class='ocrx_word' id='word_1_336' title='bbox 1329 4079 1389 4133; x_wconf 86' lang='lat' dir='ltr'>adn.</span> <span class='ocrx_word' id='word_1_337' title='bbox 1409 4083 1432 4130; x_wconf 82' lang='lat'>2.</span> 
     </span>
    </p>
   </div>
   <div class='ocr_carea' id='block_1_9' title="bbox 258 4180 1496 4511">
    <p class='ocr_par' dir='ltr' id='par_1_9' title="bbox 258 4180 1496 4511">
     <span class='ocr_line' id='line_1_37' title="bbox 363 4180 1496 4252; baseline -0.004 -16"><span class='ocrx_word' id='word_1_338' title='bbox 363 4183 381 4252; x_wconf 92' lang='lat'>⁴)</span> <span class='ocrx_word' id='word_1_339' title='bbox 400 4180 460 4236; x_wconf 85' lang='lat' dir='ltr'>OIG</span> <span class='ocrx_word' id='word_1_340' title='bbox 487 4186 554 4234; x_wconf 85' lang='grc'><strong>6068</strong></span> <span class='ocrx_word' id='word_1_341' title='bbox 582 4181 602 4236; x_wconf 75' lang='lat' dir='ltr'>(l</span> <span class='ocrx_word' id='word_1_342' title='bbox 631 4181 741 4250; x_wconf 83' lang='lat' dir='ltr'>(Li&#39;rders</span> <span class='ocrx_word' id='word_1_343' title='bbox 768 4197 792 4252; x_wconf 89' lang='lat' dir='ltr'>p.</span> <span class='ocrx_word' id='word_1_344' title='bbox 815 4187 863 4236; x_wconf 90' lang='grc'>180</span> <span class='ocrx_word' id='word_1_345' title='bbox 889 4197 916 4234; x_wconf 90' lang='lat' dir='ltr'>n.</span> <span class='ocrx_word' id='word_1_346' title='bbox 942 4184 999 4250; x_wconf 85' lang='lat'>86);</span> <span class='ocrx_word' id='word_1_347' title='bbox 1028 4183 1061 4237; x_wconf 82' lang='lat' dir='ltr'>oi.</span> <span class='ocrx_word' id='word_1_348' title='bbox 1090 4184 1150 4238; x_wconf 85' lang='lat' dir='ltr'>CIA</span> <span class='ocrx_word' id='word_1_349' title='bbox 1177 4183 1207 4237; x_wconf 89' lang='lat' dir='ltr'>II</span> <span class='ocrx_word' id='word_1_350' title='bbox 1234 4187 1284 4234; x_wconf 81' lang='lat'>552</span> <span class='ocrx_word' id='word_1_351' title='bbox 1312 4181 1337 4245; x_wconf 87' lang='lat' dir='ltr'>b,</span> <span class='ocrx_word' id='word_1_352' title='bbox 1366 4181 1401 4233; x_wconf 82' lang='lat' dir='ltr'>Le</span> <span class='ocrx_word' id='word_1_353' title='bbox 1429 4181 1496 4233; x_wconf 85' lang='lat' dir='ltr'>Bas-</span> 
     </span>
     <span class='ocr_line' id='line_1_38' title="bbox 258 4269 1494 4340; baseline 0.001 -16"><span class='ocrx_word' id='word_1_354' title='bbox 258 4270 374 4324; x_wconf 74' lang='lat' dir='ltr'>Iloucart</span> <span class='ocrx_word' id='word_1_355' title='bbox 391 4269 459 4339; x_wconf 80' lang='lat' dir='ltr'>Voy.</span> <span class='ocrx_word' id='word_1_356' title='bbox 476 4269 506 4322; x_wconf 93' lang='lat' dir='ltr'>Il</span> <span class='ocrx_word' id='word_1_357' title='bbox 527 4273 575 4321; x_wconf 89' lang='grc'>116</span> <span class='ocrx_word' id='word_1_358' title='bbox 594 4285 618 4336; x_wconf 87' lang='lat' dir='ltr'>e,</span> <span class='ocrx_word' id='word_1_359' title='bbox 645 4269 755 4337; x_wconf 80' lang='lat' dir='ltr'>prem.</span> <span class='ocrx_word' id='word_1_360' title='bbox 774 4270 844 4325; x_wconf 85' lang='lat' dir='ltr'>arch.</span> <span class='ocrx_word' id='word_1_361' title='bbox 864 4286 914 4326; x_wconf 89' lang='lat' dir='ltr'>ser.</span> <span class='ocrx_word' id='word_1_362' title='bbox 933 4269 963 4322; x_wconf 89' lang='lat' dir='ltr'>ll</span> <span class='ocrx_word' id='word_1_363' title='bbox 988 4271 1078 4340; x_wconf 89' lang='grc'>(1874)</span> <span class='ocrx_word' id='word_1_364' title='bbox 1097 4275 1155 4336; x_wconf 86' lang='grc'><strong>443,</strong></span> <span class='ocrx_word' id='word_1_365' title='bbox 1187 4269 1258 4323; x_wconf 90' lang='lat' dir='ltr'>Bull.</span> <span class='ocrx_word' id='word_1_366' title='bbox 1277 4269 1309 4323; x_wconf 90' lang='lat' dir='ltr'>de</span> <span class='ocrx_word' id='word_1_367' title='bbox 1336 4283 1404 4324; x_wconf 85' lang='lat' dir='ltr'>corr.</span> <span class='ocrx_word' id='word_1_368' title='bbox 1424 4269 1494 4326; x_wconf 92' lang='lat' dir='ltr'>bell.</span> 
     </span>
     <span class='ocr_line' id='line_1_39' title="bbox 258 4355 1495 4425; baseline -0.003 -15"><span class='ocrx_word' id='word_1_369' title='bbox 258 4356 297 4410; x_wconf 88' lang='lat' dir='ltr'>IV</span> <span class='ocrx_word' id='word_1_370' title='bbox 316 4362 374 4412; x_wconf 81' lang='grc'><strong>336.</strong></span> <span class='ocrx_word' id='word_1_371' title='bbox 401 4356 503 4410; x_wconf 87' lang='lat' dir='ltr'>incerta</span> <span class='ocrx_word' id='word_1_372' title='bbox 521 4357 592 4422; x_wconf 90' lang='lat' dir='ltr'>sunt,</span> <span class='ocrx_word' id='word_1_373' title='bbox 620 4371 686 4424; x_wconf 85' lang='lat' dir='ltr'>quae</span> <span class='ocrx_word' id='word_1_374' title='bbox 704 4357 832 4425; x_wconf 85' lang='lat' dir='ltr'>leguntur</span> <span class='ocrx_word' id='word_1_375' title='bbox 859 4357 889 4409; x_wconf 92' lang='lat' dir='ltr'>in</span> <span class='ocrx_word' id='word_1_376' title='bbox 916 4357 1006 4410; x_wconf 88' lang='lat' dir='ltr'>titulis</span> <span class='ocrx_word' id='word_1_377' title='bbox 1034 4357 1094 4412; x_wconf 83' lang='lat' dir='ltr'>CIG</span> <span class='ocrx_word' id='word_1_378' title='bbox 1123 4360 1189 4408; x_wconf 86' lang='grc'><strong>1680</strong></span> <span class='ocrx_word' id='word_1_379' title='bbox 1217 4355 1264 4424; x_wconf 89' lang='lat' dir='ltr'>(Le</span> <span class='ocrx_word' id='word_1_380' title='bbox 1291 4356 1344 4408; x_wconf 86' lang='lat' dir='ltr'>Bas</span> <span class='ocrx_word' id='word_1_381' title='bbox 1371 4356 1495 4420; x_wconf 74' lang='lat'>1184‘2)‚</span> 
     </span>
     <span class='ocr_line' id='line_1_40' title="bbox 259 4441 775 4511; baseline -0.008 -15"><span class='ocrx_word' id='word_1_382' title='bbox 259 4441 319 4496; x_wconf 86' lang='lat' dir='ltr'>Keil</span> <span class='ocrx_word' id='word_1_383' title='bbox 337 4441 402 4511; x_wconf 85' lang='lat' dir='ltr'>Syll.</span> <span class='ocrx_word' id='word_1_384' title='bbox 422 4459 447 4510; x_wconf 92' lang='lat' dir='ltr'>p.</span> <span class='ocrx_word' id='word_1_385' title='bbox 467 4445 500 4492; x_wconf 88' lang='grc'>80</span> <span class='ocrx_word' id='word_1_386' title='bbox 520 4441 566 4508; x_wconf 84' lang='lat' dir='ltr'>(Le</span> <span class='ocrx_word' id='word_1_387' title='bbox 584 4442 637 4495; x_wconf 84' lang='lat' dir='ltr'>Bas</span> <span class='ocrx_word' id='word_1_388' title='bbox 656 4442 685 4496; x_wconf 93' lang='lat' dir='ltr'>Il</span> <span class='ocrx_word' id='word_1_389' title='bbox 704 4445 775 4510; x_wconf 81' lang='grc'>604).</span> 
     </span>
    </p>
   </div>
   <div class='ocr_carea' id='block_1_10' title="bbox 213 4545 1496 4790">
    <p class='ocr_par' dir='ltr' id='par_1_10' title="bbox 213 4545 1496 4790">
     <span class='ocr_line' id='line_1_41' title="bbox 363 4545 1494 4614; baseline -0.003 -14"><span class='ocrx_word' id='word_1_390' title='bbox 363 4545 383 4613; x_wconf 79' lang='lat'>⁵)</span> <span class='ocrx_word' id='word_1_391' title='bbox 402 4547 436 4600; x_wconf 88' lang='grc' dir='ltr'>τὸ</span> <span class='ocrx_word' id='word_1_392' title='bbox 455 4547 551 4601; x_wconf 84' lang='grc' dir='ltr'>κοινόν</span> <span class='ocrx_word' id='word_1_393' title='bbox 569 4551 629 4600; x_wconf 90' lang='grc' dir='ltr'>τῶν</span> <span class='ocrx_word' id='word_1_394' title='bbox 647 4565 675 4601; x_wconf 92' lang='grc' dir='ltr'>π.</span> <span class='ocrx_word' id='word_1_395' title='bbox 694 4563 719 4600; x_wconf 91' lang='grc' dir='ltr'>τ.</span> <span class='ocrx_word' id='word_1_396' title='bbox 737 4547 771 4599; x_wconf 91' lang='grc' dir='ltr'>Δ.</span> <span class='ocrx_word' id='word_1_397' title='bbox 794 4551 932 4614; x_wconf 89' lang='grc' dir='ltr'>τεχνιτῶν</span> <span class='ocrx_word' id='word_1_398' title='bbox 952 4551 1012 4601; x_wconf 93' lang='grc' dir='ltr'>τῶν</span> <span class='ocrx_word' id='word_1_399' title='bbox 1031 4548 1062 4601; x_wconf 82' lang='grc' dir='ltr'>ἐν</span> <span class='ocrx_word' id='word_1_400' title='bbox 1093 4546 1197 4612; x_wconf 85' lang='grc' dir='ltr'>Θήβαις</span> <span class='ocrx_word' id='word_1_401' title='bbox 1216 4547 1437 4599; x_wconf 87' lang='lat' dir='ltr'>commemoratur</span> <span class='ocrx_word' id='word_1_402' title='bbox 1466 4546 1494 4598; x_wconf 89' lang='lat' dir='ltr'>in</span> 
     </span>
     <span class='ocr_line' id='line_1_42' title="bbox 213 4630 1496 4708; baseline -0.002 -22"><span class='ocrx_word' id='word_1_403' title='bbox 213 4703 218 4708; x_wconf 79' lang='lat'><em>,</em></span> <span class='ocrx_word' id='word_1_404' title='bbox 257 4633 341 4686; x_wconf 89' lang='lat' dir='ltr'>titulo</span> <span class='ocrx_word' id='word_1_405' title='bbox 369 4633 523 4701; x_wconf 82' lang='lat' dir='ltr'>posterioris</span> <span class='ocrx_word' id='word_1_406' title='bbox 551 4633 648 4686; x_wconf 83' lang='lat' dir='ltr'>aetatis</span> <span class='ocrx_word' id='word_1_407' title='bbox 675 4631 737 4687; x_wconf 78' lang='lat' dir='ltr'>ctu</span> <span class='ocrx_word' id='word_1_408' title='bbox 767 4637 833 4688; x_wconf 91' lang='grc'><strong>1600</strong></span> <span class='ocrx_word' id='word_1_409' title='bbox 856 4633 958 4700; x_wconf 88' lang='lat' dir='ltr'>(Mitth.</span> <span class='ocrx_word' id='word_1_410' title='bbox 977 4633 1003 4684; x_wconf 88' lang='lat' dir='ltr'>d.</span> <span class='ocrx_word' id='word_1_411' title='bbox 1022 4631 1047 4686; x_wconf 87' lang='lat' dir='ltr'>d.</span> <span class='ocrx_word' id='word_1_412' title='bbox 1066 4632 1138 4685; x_wconf 84' lang='lat' dir='ltr'>arch.</span> <span class='ocrx_word' id='word_1_413' title='bbox 1158 4632 1225 4687; x_wconf 85' lang='lat' dir='ltr'>Inst.</span> <span class='ocrx_word' id='word_1_414' title='bbox 1245 4631 1286 4684; x_wconf 91' lang='lat'>111</span> <span class='ocrx_word' id='word_1_415' title='bbox 1311 4636 1367 4696; x_wconf 85' lang='grc'><strong>169,</strong></span> <span class='ocrx_word' id='word_1_416' title='bbox 1396 4630 1496 4684; x_wconf 85' lang='lat' dir='ltr'>Kaibel</span> 
     </span>
     <span class='ocr_line' id='line_1_43' title="bbox 259 4713 1496 4790; baseline -0.001 -18"><span class='ocrx_word' id='word_1_417' title='bbox 259 4718 350 4788; x_wconf 83' lang='lat' dir='ltr'>llpigr.</span> <span class='ocrx_word' id='word_1_418' title='bbox 365 4718 455 4774; x_wconf 83' lang='lat' dir='ltr'>Graec.</span> <span class='ocrx_word' id='word_1_419' title='bbox 475 4721 545 4790; x_wconf 88' lang='grc'>876),</span> <span class='ocrx_word' id='word_1_420' title='bbox 565 4721 599 4772; x_wconf 88' lang='grc' dir='ltr'>τὸ</span> <span class='ocrx_word' id='word_1_421' title='bbox 618 4721 714 4774; x_wconf 87' lang='grc' dir='ltr'>κοινὸν</span> <span class='ocrx_word' id='word_1_422' title='bbox 732 4724 792 4773; x_wconf 93' lang='grc' dir='ltr'>τῶν</span> <span class='ocrx_word' id='word_1_423' title='bbox 811 4725 950 4786; x_wconf 91' lang='grc' dir='ltr'>τεχνιτῶν</span> <span class='ocrx_word' id='word_1_424' title='bbox 969 4725 1030 4774; x_wconf 93' lang='grc' dir='ltr'>τῶν</span> <span class='ocrx_word' id='word_1_425' title='bbox 1048 4721 1079 4773; x_wconf 88' lang='grc' dir='ltr'>ἐν</span> <span class='ocrx_word' id='word_1_426' title='bbox 1095 4713 1253 4789; x_wconf 85' lang='grc' dir='ltr'>Ἀ[θὴναι]ς</span> <span class='ocrx_word' id='word_1_427' title='bbox 1271 4718 1331 4774; x_wconf 77' lang='lat' dir='ltr'>ula</span> <span class='ocrx_word' id='word_1_428' title='bbox 1350 4719 1378 4772; x_wconf 94' lang='lat' dir='ltr'>ll</span> <span class='ocrx_word' id='word_1_429' title='bbox 1402 4723 1452 4772; x_wconf 79' lang='grc'>662</span> <span class='ocrx_word' id='word_1_430' title='bbox 1472 4735 1496 4772; x_wconf 88' lang='grc' dir='ltr'>ο.</span> 
     </span>
    </p>
   </div>
   <div class='ocr_carea' id='block_1_11' title="bbox 0 0 1806 5348">
    <p class='ocr_par' dir='ltr' id='par_1_11' title="bbox 0 0 1806 5348">
     <span class='ocr_line' id='line_1_44' title="bbox 0 0 1806 5348; baseline 0 0"><span class='ocrx_word' id='word_1_431' title='bbox 0 0 1806 5348; x_wconf 95' lang='lat' dir='ltr'> </span> 
     </span>
    </p>
   </div>
  </div>
 </body>
</html>
