3604 5356
1447 401 1489 464 47

357 601 444 668 Haec
466 598 566 682 igitur
588 600 672 674 snut,
696 613 776 678 quae
798 593 837 658 de
853 591 986 658 choricIs
1002 591 1245 658 Atheniensium
1264 588 1489 656 certaminibus

251 707 415 790 titulisque
431 703 602 786 eboregiois
618 699 794 782 exponenda
806 695 883 762 mibi
896 715 963 762 esee
975 698 1161 764 videbantur
1174 697 1210 777 ¹).
1225 693 1370 762 extremis
1383 693 1489 760 autem

253 809 371 876 saeonli
388 807 494 890 quarti
516 805 604 870 anule
627 801 791 883 choragise
813 800 997 866 institutum
1020 798 1176 864 abolitum
1198 801 1246 866 est
1270 798 1490 882 choragorum·

253 912 368 997 quein
391 911 498 976 locum
521 906 727 989 agonothetae
753 902 808 985 qui
842 903 991 968 dicemur
1019 906 1245 970 successerunt.
1278 920 1377 985 neque
1399 900 1490 966 dubi·

252 1020 320 1081 tare
343 1014 437 1093 licet,
471 1011 545 1094 quiu
568 1008 675 1074 eodem
698 1011 838 1089 tempore
861 1005 981 1072 multae
1009 1007 1089 1076 aliae
1111 1007 1209 1075 etiam
1230 1006 1490 1072 res‘immutatae

251 1119 317 1185 siut
350 1117 382 1180 in
407 1112 616 1179 certaminum
638 1096 863 1186 celebratione,
898 1110 953 1174 sed
974 1108 1160 1182 :accuratius
1185 1111 1224 1174 de
1255 1109 1300 1174 eis
1334 1124 1490 1190 nusquam

250 1224 425 1287 edocemur.
449 1219 532 1281 certe
555 1215 704 1297 splendor
725 1213 781 1282 ille
804 1215 1016 1282 certaminum
1040 1212 1243 1290 musIcomm,
1259 1211 1363 1295 quiin
1378 1210 1489 1294 primis

250 1320 367 1389 saeculi
390 1320 493 1402 quinti
515 1321 605 1401 parte
628 1317 730 1383 altera
751 1336 891 1383 summus
915 1315 1026 1398 luith,
1050 1321 1122 1400 post
1152 1314 1270 1384 bellum
1299 1315 1489 1398 Peloponne-

248 1427 369 1493 siacum
392 1423 493 1506 magis
521 1422 683 1506 magisque
707 1422 889 1487 obscuratus
918 1420 1022 1504 est³);
1045 1421 1126 1486 unde
1148 1438 1245 1504 pauca
1272 1420 1397 1484 tautum
1421 1434 1490 1481 cer·

250 1529 406 1596 tammum
437 1526 618 1610 posterioris
645 1525 760 1591 aetatis
782 1525 965 1590 testimonla
987 1542 1148 1607 superesse
1177 1524 1281 1607 patet,
1315 1520 1489 1604 dequibus

252 1632 334 1698 infra
355 1631 526 1713 disputabo.
552 1630 661 1706 restat,
684 1630 721 1692 ut
743 1629 912 1710 antequam
937 1627 976 1691 ad
999 1629 1121 1692 ceterae
1144 1625 1293 1692 Graeciae
1316 1624 1490 1690 certamina
1592 1659 1594 1664 ·

252 1733 413 1801 tractanda
435 1736 608 1807 transeam,
637 1732 743 1813 paucis
767 1736 895 1815 tangam
926 1729 1046 1794 Piraeei
1068 1747 1200 1812 agonas,
1223 1729 1336 1812 quippe
1366 1727 1421 1809 qui
1449 1726 1489 1791 ad

252 1840 384 1905 urbanos
407 1836 540 1918 quodam
562 1837 653 1900 modo
676 1834 858 1917 pertineant
880 1833 1026 1916 (Foucart
1048 1834 1124 1898 Rev.
1143 1831 1181 1896 de
1203 1829 1315 1914 phil.I
1338 1831 1400 1895 170
1415 1831 1488 1913 sp).

250 1942 277 2006 si
311 1941 444 2006 Aeliano
475 1939 526 2021 (V.
558 1939 599 2002 H.
636 1937 666 2026 ll
703 1934 757 2022 13)
789 1937 864 2002 fides
898 1934 1006 2002 haberi
1038 1938 1152 2018 petest,
1186 1935 1250 2001 iam
1284 1934 1393 2017 quinto
1421 1950 1490 1998 sae·

250 2043 320 2109 culo
343 2042 516 2108 certamina
544 2040 688 2105 scaenica
709 2039 742 2104 in
772 2039 903 2105 Piraeeo
933 2037 1121 2124 agebantur,
1158 2055 1236 2120 quae
1266 2038 1338 2120 post
1372 2053 1487 2119 agnum

249 2148 383 2213 urbanos
405 2147 545 2227 prImum
567 2142 672 2208 locum
696 2143 830 2208 tenuisse
854 2142 1012 2209 videntur.
1041 2141 1135 2207 titulo
1159 2139 1228 2207 cm
1249 2140 1283 2206 II
1305 2139 1369 2204 573
1400 2138 1488 2226 (Dis-
1575 2205 1577 2212 ,

250 2250 416 2332 tenberger
431 2246 509 2329 Syll.
526 2244 602 2326 297)
629 2250 757 2327 paetum
779 2245 867 2309 uobis
889 2250 1045 2310 servatum
1070 2248 1129 2328 est,
1153 2263 1213 2326 quo
1240 2244 1343 2309 medio
1364 2244 1488 2308 saeculo
1665 2249 1667 2258 ’

251 2425 454 2436 ---—--·—-

353 2541 373 2602 ¹)
392 2537 435 2591 Δά
452 2535 593 2590 victoriam
618 2535 771 2589 avitarum
790 2534 871 2588 choro
894 2536 1058 2603 reportatam
1080 2537 1184 2603 spectat
1211 2534 1294 2588 etiam
1319 2535 1485 2603 epigramma
1544 2541 1547 2547 ’
1619 2535 1621 2539 ’

251 2623 401 2692 antiquum,
421 2623 492 2691 quod
511 2622 586 2675 vario
599 2621 678 2675 modo
694 2621 836 2676 restituere
854 2621 945 2675 conati
963 2623 1028 2675 suut
1040 2619 1184 2674 Xircbhoff
1199 2620 1258 2676 ele
1277 2621 1291 2676 1
1310 2625 1369 2686 403,
1388 2621 1487 2674 Kaibel

250 2710 345 2777 Epigr.
363 2725 377 2762 e
395 2709 448 2776 lap.
467 2709 527 2763 coll.
546 2712 611 2773 926,
630 2709 781 2776 postremus
800 2707 981 2761 Wilamowitu
1004 2707 1160 2776 <Kydathen
1178 2725 1205 2777 p.
1227 2709 1304 2776 226),
1329 2707 1404 2762 onius
1424 2724 1487 2776 sup·

248 2796 385 2865 plemsnta
403 2795 448 2848 hio
466 2795 585 2863 adpone:
1259 2819 1263 2828 .
1415 2811 1421 2817 «

473 2917 568 2984 [τόνδε
588 2932 622 2980 με
640 2918 735 2983 φθλον
754 2917 905 2983 Ἐρεχθῆος
924 2921 1011 2970 νικῶν
1029 2917 1118 2985 golam
1138 2917 1266 2985 άνόρ6ι[ν

474 3002 557 3054 ἐντός
573 2993 728 3067 Ἀθηναίας
746 2996 807 3069 τῇδ’
822 3001 970 3070 άνέθηκ]εν
989 3002 1075 3068 ὅρων.

474 3089 529 3153 τὴν
548 3085 624 3155 δ’άρ’
642 3086 821 3152 άγιιινίζοντα
839 3087 946 3156 adocei(
965 3089 1019 3142 ἕξω
1039 3087 1112 3141 κατά
1132 3087 1220 3166 φ6λ[α

431 3187 434 3194 ’
473 3176 605 3242 πρόφρον
628 3168 816 3242 Ἐρεχθείδαις
835 3173 962 3244 betatap
980 3174 1123 3242 τρίποδος.

354 3314 375 3378 ²)
394 3311 465 3366 Belli
483 3312 702 3382 Peloponnesiaci
721 3315 809 3369 aetate
828 3315 1007 3369 certaminum
1026 3329 1153 3368 uumerus
1171 3315 1287 3370 Athenis
1304 3318 1399 3371 tantus
1417 3321 1485 3382 erat,

249 3400 282 3452 nt
300 3396 354 3452 iarn
373 3414 429 3453 non
447 3400 538 3468 posset
555 3401 656 3469 augeri.
675 3399 723 3454 illc
735 3402 806 3454 euim
826 3405 944 3470 temporo
962 3401 1130 3471 tragicorum
1149 3417 1252 3470 quoque
1271 3405 1410 3471 poetarum
1429 3418 1484 3458 cer-

249 3486 343 3538 tamen
360 3483 471 3538 Lenaeis
483 3485 614 3554 agebatur
634 3486 708 3553 (Atb.
729 3486 752 3540 V
771 3488 834 3553 21⁷3
853 3487 888 3541 cl.
899 3487 1019 3541 Scbmerl
1038 3487 1141 3554 Quibus
1159 3489 1274 3542 Athenis
1293 3489 1388 3543 dlebus
1406 3488 1485 3544 iestis

250 3569 358 3624 fabulae
379 3571 408 3623 in
427 3586 548 3626 scaenam
571 3573 727 3626 commissae
746 3573 802 3626 siut
820 3590 843 3641 p.
864 3575 891 3639 6)
919 3577 947 3627 et
970 3573 1144 3642 probabiliter
1162 3573 1279 3627 Koebler
1301 3574 1362 3629 CIA
1380 3575 1411 3630 II
1434 3579 1485 3628 972

249 3655 411 3709 didascalice
428 3657 547 3724 tragicas
560 3673 692 3711 annorum
705 3663 756 3711 419
770 3661 798 3713 et
809 3663 860 3714 418
877 3675 901 3716 a.
918 3660 980 3715 Chr.
999 3659 1033 3713 ad
1044 3659 1147 3713 Ιιοιιαεα
1165 3661 1288 3726 rettulit,
1308 3662 1356 3715 illo
1375 3663 1485 3717 histrio·

249 3755 314 3793 num
334 3743 484 3796 certamina
501 3743 633 3798 instItuta
656 3743 793 3810 videntur,
822 3761 936 3813 quorum
957 3747 1074 3814 primum
1093 3746 1244 3817 exemplum
1262 3752 1486 3803 commemoratur

249 3842 273 3879 a.
285 3829 336 3878 422
355 3843 379 3880 a.
392 3827 454 3881 Chr.
472 3827 517 3893 (of.
529 3829 625 3885 Rohde
639 3830 710 3885 Mus.
729 3831 815 3887 Rhen.
834 3831 979 3890 XXXVIII
998 3837 1057 3900 283,
1075 3831 1236 3890 XXXVIIII
1257 3838 1324 3902 161),
1343 3836 1391 3889 illo
1409 3851 1484 3904 paro-

248 3913 344 3967 dorum
362 3929 467 3983 quoque
484 3931 554 3984 agon
573 3916 770 3973 Panathenaicis
789 3918 947 3984 habebatur,
966 3920 1000 3973 cf.
1018 3936 1045 3989 p.
1059 3925 1091 3972 22
1110 3921 1172 3976 adn.
1185 3925 1209 3975 3.

353 4025 373 4094 ³)
397 4026 465 4083 Cum
488 4027 542 4081 iam
567 4032 670 4085 saeculo
694 4031 788 4099 quinto
815 4033 926 4086 excunte
953 4030 1063 4102 choregi
1087 4034 1121 4087 ad
1145 4035 1295 4088 comoedias
1319 4033 1484 4088 exornandas

242 4109 407 4165 ..deiecissent
429 4113 474 4180 (os.
494 4114 600 4169 Boeclrh
625 4116 811 4173 Staatshausb.
839 4119 948 4187 1606),
975 4120 1062 4174 medio
1080 4122 1184 4175 saeculo
1203 4124 1298 4190 quarto
1316 4137 1392 4189 saepe
1411 4120 1484 4174 haud

247 4194 327 4249 facile
344 4197 477 4267 ohcragns
494 4201 685 4256 inveniebatur
704 4203 756 4272 (οἱ.)
768 4205 906 4259 Demostb.
922 4205 986 4258 XXI
1001 4211 1051 4274 13).
1071 4210 1152 4277 atque
1170 4208 1236 4262 adeo
1254 4207 1384 4261 nonnulla
1401 4211 1486 4261 certa-

247 4280 321 4335 mina
332 4299 439 4351 prorsus
451 4284 554 4339 abolita
567 4303 625 4340 esse
639 4288 764 4356 colligere
777 4307 917 4358 possumus
937 4307 967 4343 ex
980 4291 1025 4358 eis,
1045 4307 1111 4361 quae
1124 4295 1269 4347 narrantur
1282 4293 1377 4362 (Plut.)
1395 4295 1443 4347 vit.
1460 4293 1486 4346 X

248 4368 453 4438 orat.Lyo.10:
477 4371 625 4440 εἰσήνεγκε
648 4375 678 4430 δὲ
694 4378 879 4447 (Λυκοῦργος)
898 4381 944 4434 καί
963 4381 1076 4445 νόμους,
1095 4383 1148 4434 τόν
1162 4383 1213 4447 μὲν
1225 4384 1289 4450 περ)
1302 4386 1363 4436 τῶν
1376 4398 1478 4450 κωμῳ-

247 4455 308 4507 δῶν
326 4455 427 4521 ἀγῶνα
446 4462 507 4520 τοῖς
526 4459 643 4526 Χύτροις
662 4461 802 4519 ἐπιτελεῖν
822 4465 980 4532 ἐφάμιλλον
1001 4466 1093 4535 ἐντῷ
1113 4467 1240 4535 θεάτρῳ,
1266 4469 1384 4521 καὶτὸν
1403 4471 1479 4535 νική-

246 4554 339 4594 σαντα
358 4540 398 4604 εἰς
416 4543 488 4597 άστυ
507 4545 727 4611 καταλέγεσθαι,
745 4551 888 4618 πρότερον
906 4551 959 4604 οὐκ
977 4552 1055 4616 ἐξόν,
1080 4552 1292 4618 ἀναλαμβάνων
1310 4554 1363 4607 τόν
1381 4554 1481 4620 ἀγῶνα

246 4627 430 4684 ἐκλελοιπότα
449 4629 494 4696 (of.
514 4630 606 4685 Rcbde
624 4631 693 4689 Mus.
713 4633 796 4721 Rben.
815 4635 962 4691 XXXVIII
982 4640 1051 4707 276).
