3604 5356
1480 463 1500 526 3

255 660 393 724 virorum
418 657 574 722 clarorum
604 653 738 736 exequiis
775 653 832 717 hoc
861 652 955 718 modo
987 649 1155 716 celebratis
1185 651 1364 728 traduntur,
1387 651 1498 716 testari

257 764 405 829 videntur
427 762 529 826 aetate
560 759 688 840 antiqua
721 757 754 820 in
784 757 932 822 honorem
956 756 1158 820 mertuorum
1181 772 1415 836 nonnumquam
1437 772 1499 818 non

258 867 350 938 modo
366 865 538 948 gymnicos,
550 865 586 928 ut
601 862 683 946 apud
699 861 872 925 Homerum
888 859 1032 942 legimus,
1049 858 1104 924 sed
1123 859 1216 924 etiam
1234 857 1368 923 musicos
1384 875 1499 942 agonas

256 969 433 1034 celebratos
456 986 534 1032 esse.

362 1069 543 1136 Certamina
566 1086 640 1133 vero
664 1070 748 1132 certo
773 1066 881 1130 ordine
905 1066 1042 1148 primum
1064 1065 1096 1128 in
1120 1063 1247 1129 deorum
1267 1063 1382 1129 diebus
1406 1063 1497 1130 festis

257 1171 452 1238 celebrandis
476 1170 626 1236 instituta
649 1189 713 1235 esse
738 1189 810 1234 cum
832 1188 887 1252 per
909 1187 942 1232 se
965 1168 1061 1250 patet,
1084 1169 1154 1233 tum
1175 1167 1295 1250 hymni,
1319 1166 1373 1249 qui
1391 1167 1500 1234 dicun-

256 1277 311 1341 144
326 1277 495 1351 Homerici,
511 1272 689 1340 luculenter
707 1273 872 1338 testantur.
898 1272 1019 1337 constat
1035 1271 1120 1336 eninr
1135 1271 1218 1336 inter
1234 1271 1500 1336 hominesdoctos

259 1379 390 1462 hymnos
414 1378 485 1442 illos
509 1379 548 1442 ad
572 1377 701 1442 deorum
724 1376 888 1441 sollemnia
916 1376 1101 1442 celebranda
1135 1377 1323 1459 compositos
1353 1394 1421 1442 esse
1444 1375 1500 1453 ita,

258 1487 296 1547 ut
319 1482 452 1548 maiores
470 1481 508 1545 in
532 1480 753 1546 certaminibus
776 1480 902 1544 musicis
926 1480 1142 1558 recitarentur,
1155 1482 1289 1546 minores
1306 1480 1499 1546 carminibus

256 1585 356 1668 epicis
386 1586 616 1668 prooemiorum
651 1584 717 1649 loeo
747 1583 1027 1665 praemitterentur
1038 1581 1074 1667 ¹).
1119 1585 1212 1665 atque
1246 1583 1279 1648 in
1312 1583 1500 1667 quibusdam

260 1688 385 1772 hymnis
409 1688 503 1752 etiam
528 1687 709 1753 coniectura
732 1687 861 1768 adsequi
883 1703 1060 1769 possumus,
1083 1687 1196 1769 quibus
1219 1687 1252 1751 in
1275 1686 1501 1752 certaminibus
1606 1689 1607 1692 ’

258 1789 397 1872 primum
421 1791 547 1856 recitati
569 1791 644 1856 sint.
667 1790 713 1852 ite
735 1789 886 1870 hymnum
910 1789 945 1853 in
970 1790 1150 1870 Apollinem
1166 1789 1293 1854 Delium
1311 1790 1390 1869 Deli,
1408 1789 1500 1873 hym·

259 1913 335 1956 num
359 1893 391 1956 in
415 1892 596 1974 Apollinem
619 1890 771 1974 Pythium
800 1890 931 1973 Delphis
965 1893 1125 1956 cantatum
1158 1911 1225 1958 esse
1259 1894 1500 1958 consentaneum

255 1999 325 2079 est,
347 1995 394 2060 ita
417 1993 556 2060 carmina
569 1993 615 2058 Vl
631 1997 661 2058 et
677 1993 706 2057 X
722 1996 761 2058 ad
777 2001 935 2058 certamen
953 1993 1109 2059 Salamine
1125 1995 1159 2058 in
1175 1994 1269 2078 Cypri
1292 1996 1368 2061 urbe
1384 1999 1499 2074 actum,
1590 2059 1591 2064 ,

257 2117 386 2164 carmen
410 2097 456 2162 IX
480 2099 519 2163 ad
544 2096 771 2180 Colophonium
794 2114 893 2182 agona
909 2100 1052 2178 spectare
1069 2098 1213 2163 videntur
1232 2099 1285 2181 (ef.
1302 2097 1501 2165 Baumeister

260 2203 282 2266 1.
300 2220 324 2266 4.
342 2221 370 2284 p.
389 2201 461 2284 335,
479 2200 568 2283 344).

363 2319 511 2386 Carmina
532 2318 632 2404 igitur
655 2319 744 2402 epiea
768 2320 800 2384 et
821 2318 930 2401 hymni
959 2318 992 2384 in
1015 2321 1143 2386 deorum
1165 2323 1313 2388 honorem
1335 2323 1500 2406 compositi

259 2425 421 2507 capessis
444 2442 557 2508 genera
580 2423 721 2502 fuerunt,
755 2441 833 2505 quae
855 2423 957 2504 prima
979 2423 1017 2489 ad
1041 2424 1213 2491 certamina
1234 2425 1499 2492 admittebantur.

257 2525 382 2613 inumb
419 2528 519 2611 igitur
552 2545 584 2592 se
618 2525 732 2590 uicisse
765 2525 920 2609 gloriatur
948 2525 1101 2592 Hesiodus
1136 2528 1279 2594 versibus
1313 2527 1378 2594 illis
1410 2533 1502 2594 antea

257 2630 391 2714 adlatis,
416 2630 547 2714 Delphis
571 2629 635 2694 iam
658 2628 885 2712 ant'quissimis
908 2629 1101 2712 temporibus
1123 2631 1258 2714 hymnus
1280 2632 1312 2697 in
1344 2632 1500 2716 Apollinis

151 2755 154 2758 ¹
260 2733 409 2798 honorem
444 2734 563 2798 cithara
596 2735 775 2798 succinente
809 2733 985 2814 canebatur,
1017 2733 1056 2798 cf.
1082 2734 1194 2799 Strabo
1228 2734 1275 2799 IX
1308 2735 1383 2816 421,
1407 2737 1500 2802 Ρ444,

260 2837 291 2900 X
312 2837 342 2916 t,
365 2836 386 2900 2
410 2834 526 2918 4133).
554 2837 692 2919 primum
716 2837 822 2902 eutem
846 2836 878 2901 in
904 2838 1023 2902 artibus
1047 2838 1178 2902 musicis
1202 2839 1375 2905 excolendis
1396 2839 1501 2905 locum

258 2937 387 3002 saeculo
416 2937 549 3018 septimo
572 2937 683 3018 Sparta
717 2938 818 3017 tenet,
856 2939 911 3004 ubi
947 2959 965 3004 a
998 2941 1176 3022 Terpandro
1211 2960 1260 3006 ars
1296 2943 1501 3008 citharoedica

259 3039 387 3103 exculta
421 3038 619 3120 primuinque
654 3039 904 3106 citharoedorum
942 3043 1099 3106 certamen
1136 3041 1321 3107 institutum
1360 3044 1424 3128 est3
1459 3045 1500 3110 cf.

262 3142 347 3208 Plut.
370 3143 407 3206 de
430 3159 509 3206 mus.
534 3141 564 3204 3.
610 3160 688 3224 quae
713 3144 883 3210 certamina
915 3144 988 3209 inde
1008 3143 1050 3208 ab
1073 3143 1252 3228 olympiade
1285 3145 1326 3213 26
1344 3171 1383 3202 =
1400 3145 1500 3230 blesa

257 3263 290 3308 a.
330 3242 434 3323 Chri)
483 3244 642 3328 Apollinis
686 3245 796 3314 Darnei
840 3245 955 3312 diebus·
995 3247 1085 3312 festis
1132 3251 1203 3314 acta
1251 3265 1316 3313 csse
1360 3248 1500 3315 Sosibius

368 3484 388 3550 ¹)
407 3484 440 3537 cf.
459 3499 527 3551 quae
545 3486 577 3536 A.
596 3484 764 3539 Baumeister
783 3485 851 3538 dixit
878 3485 905 3538 in
925 3485 1046 3553 prolegg.
1065 3483 1193 3538 editionis
1211 3485 1372 3556 hymnorum
1390 3489 1498 3546 Homer.

260 3584 286 3636 p.
309 3571 358 3620 102
378 3584 416 3636 sq.
739 3633 741 3638 ¹

366 3654 386 3720 ²)
405 3652 501 3708 Vocem
521 3655 610 3720 ὕμνος
633 3655 832 3723 antiquioribus
858 3657 1025 3727 temporibus
1043 3673 1096 3710 non
1115 3659 1223 3711 tanturn
1241 3657 1274 3712 de
1292 3662 1453 3719 carminibus
1471 3666 1499 3718 in

258 3737 371 3791 deorum
391 3737 519 3814 honorem
539 3740 693 3809 compositis
712 3746 869 3811 usurpatam
888 3760 944 3798 esse
959 3745 1080 3809 constat;
1099 3744 1133 3798 cf.
1153 3744 1320 3799 Baumeister
1338 3748 1356 3800 l.
1370 3764 1425 3818 cp.
1442 3757 1501 3804 100.

261 3822 452 3892 rhapsodorum
476 3840 594 3895 quoque,
626 3829 674 3895 qui
702 3827 812 3881 Homeri
836 3831 953 3883 carmina
972 3829 1135 3894 recitabant,
1165 3847 1265 3898 agonas
1290 3833 1352 3887 inde
1375 3835 1408 3889 ab
1428 3839 1498 3892 anti·

257 3909 400 3978 quissimis
419 3912 585 3980 temporibus
604 3912 633 3964 in
653 3929 703 3966 usu
722 3913 812 3981 fuisse,
832 3915 884 3967 viri
905 3917 976 3971 docti
996 3916 1119 3970 nonnulli
1138 3916 1348 3973 adfirmaverunt
1367 3921 1500 3988 (Welcker

227 4065 228 4068 Ἴ
258 3996 332 4065 Cycl.
345 4012 386 4065 44.
400 3995 428 4049 1²
443 4003 501 4064 347,
512 3998 599 4068 Bergk
619 3998 690 4054 Hist.
703 3999 759 4055 litt.
771 4001 885 4055 Graec-I
903 4008 988 4070 499.);
1008 4004 1041 4057 41.
1054 4005 1143 4056 autem
1154 4003 1307 4059 Volkmann
1328 4005 1499 4073 (Geschichto

258 4083 315 4136 und
333 4083 427 4138 Kritik
446 4085 492 4138 der
510 4083 683 4140 Wolff'schen
702 4086 827 4156 Prolegg.
848 4104 873 4156 p.
894 4094 952 4154 273,
973 4091 1043 4158 308).
1099 4089 1103 4096 “
1196 4094 1199 4101 ’

365 4171 384 4236 ³)
403 4169 436 4225 cf.
450 4171 481 4226 A.
494 4172 643 4225 Mommsen
655 4173 751 4242 Delph.
766 4189 791 4242 p.
805 4179 853 4228 174
866 4191 905 4244 sq.
915 4174 1046 4244 Pythium
1056 4190 1143 4244 agona
1154 4174 1259 4228 demum
1268 4180 1330 4245 post
1349 4180 1500 4249 Terpandri

257 4256 377 4308 aetatem
402 4258 563 4313 institutum
590 4275 646 4313 4444
672 4263 753 4329 44141
779 4261 864 4315 Flach
883 4261 1000 4328 (Griech.
1019 4263 1103 4332 Lyrik
1122 4279 1148 4330 p.
1164 4265 1222 4328 88);
1249 4264 1334 4334 144144
1354 4269 1500 4340 ’1444444141

260 4343 349 4394 441414
368 4343 413 4396 sed
432 4345 486 4398 inm
505 4349 568 4400 ante
581 4347 658 4400 4126
673 4347 886 4402 citharoedorum
899 4352 1031 4404 certamen
1050 4351 1239 4410 instauratum
1258 4372 1315 4411 esse
1334 4357 1423 4428 Bergk
1442 4374 1502 4413 con·

259 4427 325 4480 iecit
348 4427 367 4481 l.
386 4443 408 4482 c.
426 4429 456 4482 II
478 4435 525 4484 148
544 4431 605 4486 adn.
626 4438 689 4500 131;
708 4435 743 4488 41.
765 4433 903 4504 Westphal
921 4435 1011 4489 Musik
1030 4435 1075 4489 des
1093 4438 1194 4506 griech.
1213 4441 1312 4495 Altert.
1331 4458 1356 4512 4.
1377 4449 1419 4498 ta.

366 4513 385 4582 ⁴)
405 4513 491 4594 Quam
510 4519 637 4588 temporis
656 4520 842 4576 definitionem
860 4538 913 4576 nou
941 4523 1014 4575 extra
1041 4537 1144 4577 omnem
1165 4525 1364 4582 dubitationem
1383 4529 1499 4597 positam

257 4614 316 4652 esse
343 4601 449 4670 saepius
478 4608 640 4658 monuerunt
666 4606 789 4662 homines
817 4608 902 4674 docti;
931 4608 963 4666 cf.
984 4607 1292 4678 EngelbrechtZsch.i.
1313 4614 1500 4687 (14114444.

253 4679 361 4740 xxxv
380 4691 431 4740 aas
450 4703 497 4757 sq,
517 4689 634 4746 XXXVI
653 4696 713 4748 185.

1367 4806 1398 4858 ΓΙ
