3604 5356
299 391 321 456 4

301 576 470 641 memoriae
503 575 650 652 tradidit,
683 577 770 640 cuius
813 575 1028 642 testimonium
1060 578 1239 642 Athenaeus
1273 582 1410 643 servavit
1439 579 1538 643 Xllll

301 679 403 746 eene:
433 671 477 742 τὰ
510 679 643 757 Κάρνεια
677 684 812 758 πρῶτος
837 680 968 746 πάντων
995 682 1321 766 Τέρπανδροςινικᾷ,
1351 684 1396 748 ὡς
1425 673 1539 748 ‘Elud-

301 791 389 848 νικος
412 782 535 860 ἱστορεῖ
557 783 592 846 ἐν
614 804 648 847 τε
683 787 751 848 τοῑς
780 783 944 862 ἐμμέτροις
975 785 1025 848 καὶ
1054 787 1122 849 τοῖς
1156 786 1386 864 καταλογάδην.
1413 786 1541 861 ἐγένετο

302 889 338 952 δέ
371 887 390 966 ἡ
427 889 517 952 θέσις
551 890 616 949 τῶν
651 887 811 965 Καρνείων
845 889 925 951 κατὰ
960 889 1016 964 τὴν
1051 887 1143 965 ἕκτην
1177 890 1227 952 καὶ
1263 889 1412 966 εἰκοστὴν
1444 888 1543 966 ὀλυμα

300 990 414 1066 πιάδα,
450 990 495 1055 ὡς
529 990 691 1068 Σωσίβιός
724 1005 825 1070 φησιν
854 991 890 1054 ἐν
924 997 970 1075 τῷ
999 993 1072 1069 περὶ
1101 991 1239 1068 χρόνων.
1280 991 1311 1055 cf
1344 991 1408 1056 lul.
1439 991 1538 1056 Afric.

301 1090 483 1175 Olpmpiou.
512 1094 602 1174 μθ.
628 1093 673 1156 ed.
710 1093 860 1176 Rutgcrs
895 1093 934 1159 ad
962 1093 1002 1156 cl.
1026 1093 1083 1156 26:
1120 1095 1254 1172 Κάρνεια
1285 1095 1375 1171 ἐτέθη
1407 1098 1542 1173 πρῶτον

301 1195 335 1260 ἐν
349 1195 568 1274 Λακεδαίμονι
589 1199 779 1280 κιθαρῳδῶν
800 1195 905 1272 ἀγών·
935 1213 975 1260 aa
997 1197 1049 1260 diu
1073 1200 1144 1278 post
1168 1196 1383 1277 Terpaudruin
1407 1195 1542 1278 Spartae

300 1303 461 1362 nemorum
484 1298 762 1362 citharoedicorum
785 1316 835 1362 ars
859 1298 960 1381 viguit
983 1315 1002 1362 a
1025 1298 1153 1363 musicis
1183 1299 1341 1365 Lesbiacis
1363 1300 1396 1362 in
1427 1299 1540 1381 primis

301 1401 440 1478 erculta,
462 1399 515 1482 qui
539 1419 635 1482 usque
659 1403 697 1465 ad
720 1399 838 1464 saeculi
863 1401 942 1465 sexti
966 1400 1061 1465 finem
1084 1419 1207 1484 semper
1229 1403 1261 1466 in
1285 1401 1412 1467 Carneis
1435 1402 1542 1486 prima

300 1503 441 1587 praemia
463 1505 654 1568 rettulerunt
666 1505 707 1587 ¹l3
732 1503 770 1567 cf.
797 1505 880 1568 Plut.
904 1506 940 1568 de
970 1524 1049 1568 mus.
1074 1505 1102 1570 6.
1126 1506 1218 1584 paulo
1241 1505 1348 1569 autem
1370 1507 1440 1586 post
1462 1505 1542 1569 Ter·
1633 1585 1637 1589 ᾗ

196 1606 202 1619 ’
300 1607 456 1690 pendium
497 1608 644 1674 Thaletas
684 1608 885 1673 Xenodamus
924 1607 1111 1673 Xenocritus
1150 1609 1371 1692 Polymnestus
1407 1607 1542 1673 Sacadas
1644 1601 1646 1607 ’

300 1709 430 1790 Spartae
446 1709 614 1774 secundam
647 1727 740 1792 qrram
770 1713 893 1774 vocant*
916 1715 992 1776 artis
1023 1711 1161 1775 musicae
1193 1714 1328 1776 aetatem
1362 1711 1543 1774 instituisse

301 1814 457 1879 dicuntur.
493 1831 627 1895 quorum
651 1815 753 1879 aetate
776 1813 900 1878 chorica
915 1832 1007 1895 uuae
1038 1813 1153 1877 dicitur
1175 1815 1275 1895 poesis
1298 1813 1433 1891 manime
1457 1812 1543 1893 cepit

213 1976 218 1991 ,
300 1918 493 1982 inerementa
507 1917 868 2004 gymnopaediarumque
884 1917 1048 1981 sollemnia
1064 1918 1094 1980 iu
1112 1935 1227 1981 novum
1252 1917 1389 1981 ordinem
1409 1915 1543 1979 redacta

300 2021 375 2085 suut
400 2021 497 2101 (Plut.
521 2023 558 2084 de
582 2038 659 2085 mus.
679 2021 729 2104 9)3
753 2019 786 2082 in
810 2020 928 2101 quibus,
946 2039 1021 2084 num
1045 2035 1077 2084 re
1101 2039 1182 2100 vera,
1207 2019 1240 2084 id
1264 2018 1542 2101 qhod'Westphal

299 2122 406 2188 Musik
440 2122 468 2187 d.
499 2122 615 2206 griech.
645 2123 847 2188 Alterthums
879 2122 962 2186 1883
991 2141 1021 2204 ρ.
1049 2121 1110 2185 116
1143 2121 1304 2199 adfirmat,
1340 2123 1451 2201 poetae
1483 2122 1543 2184 aut

300 2225 385 2292 chori
408 2227 468 2309 ipsi
497 2227 580 2291 inter
604 2245 636 2292 se
660 2226 860 2304 certaverint,
880 2244 974 2308 quam
998 2227 1131 2290 maxime
1147 2223 1285 2308 ,dubium
1309 2225 1404 2306 esth).
1437 2224 1537 2288 isdem

219 2358 223 2367 ·
301 2315 495 2413 temporibus
525 2329 675 2394 tibiarum
705 2347 826 2412 quoque
854 2332 979 2412 cautus,
1015 2329 1068 2409 qui
1098 2330 1189 2392 autea
1213 2346 1230 2392 a
1254 2327 1382 2395 Graecis
1414 2336 1543 2410 spretus

302 2433 465 2514 neglectus
488 2431 620 2507 iacebat,
637 2431 785 2496 maiorem
802 2429 1150 2514 dignitatemobtinuit
1172 2431 1203 2506 et
1225 2429 1257 2492 in
1274 2431 1400 2493 deorum
1417 2431 1541 2494 cultum

301 2539 441 2619 receptus
466 2536 512 2600 est
542 2534 587 2599 ita
596 2533 635 2615 ³),
668 2536 707 2599 ut
734 2553 805 2598 mor
827 2534 927 2599 isdem
950 2531 1119 2597 honoribus
1143 2535 1236 2612 atque
1259 2549 1314 2595 ers.
1332 2531 1544 2596 citharoedica

302 2638 413 2721 dignus
435 2636 613 2702 haberetur.
719 2707 721 2710 ,
754 2706 756 2715 ,
849 2687 863 2716 ,
903 2691 905 2703 ,
1341 2655 1343 2662 ι

402 2765 511 2848 Neque
525 2783 605 2830 »vero
619 2766 685 2830 sola
700 2766 825 2830 saeculo
841 2766 973 2846 septimo
988 2764 1100 2846 Sparta
1116 2764 1238 2830 artibus
1256 2766 1382 2830 musicis
1399 2765 1543 2831 colendis

306 2869 463 2946 studebat,
481 2869 533 2934 sed
549 2870 581 2932 in
600 2869 744 2933 omnibus
768 2869 833 2934 fere
856 2862 1062 2951 Peloponnesi
1085 2867 1216 2935 urbibus
1239 2867 1321 2934 idem
1338 2869 1457 2934 factum
1474 2888 1544 2933 esso

302 2976 455 3041 eudimus.
495 2976 634 3037 atcerte
657 2990 712 3056 pro
735 2973 953 3054 antiquissimo
977 2991 1076 3056 agone
1098 2973 1219 3037 musico
1243 2973 1429 3048 Ithomaea,
1455 2975 1540 3036 Mes-

302 3079 458 3142 seniorum
486 3075 667 3156 sollemnia,
703 3076 855 3140 habenda
873 3079 995 3156 essent,
1030 3075 1056 3138 si
1091 3077 1264 3140 Pausaniae
1297 3076 1391 3138 fidem
1425 3075 1540 3137 habere

302 3179 421 3255 liceret,
434 3175 488 3258 qui
504 3177 542 3239 de
555 3176 716 3240 Messeniis
728 3176 792 3240 IIlI
808 3177 859 3252 33,
873 3179 894 3238 2
910 3177 986 3240 haec
1001 3178 1125 3240 narrat:
1151 3176 1266 3253 ἄγουσι
1290 3179 1326 3240 δὲ
1349 3177 1400 3240 καὶ
1423 3175 1543 3253 ἑορτὴν

303 3284 445 3348 ἐπέτειον
459 3279 615 3356 Ἰθωμαῖα·
630 3279 668 3343 τὸ
686 3281 722 3344 δέ
738 3279 871 3357 ἀρχαῖον
883 3281 934 3343 καὶ
950 3278 1060 3355 άγθινα
1076 3279 1224 3344 ἐτίθεσαν
1238 3283 1404 3358 μουσικῆς·
1420 3279 1543 3358 τεκμαί-

306 3429 510 3444 μ-ί-ύ-

411 3519 428 3586 ¹)
447 3516 543 3570 Nescio
561 3530 625 3568 nuru
642 3513 827 3582 neglegentiae
843 3513 1016 3568 tribuendum
1030 3516 1083 3585 sit,
1104 3516 1174 3583 quod
1192 3514 1282 3586 Flach
1294 3517 1312 3571 l.
1332 3533 1353 3570 c.
1372 3533 1397 3586 p.
1411 3522 1469 3584 111,
1489 3521 1543 3570 111

304 3605 336 3659 de
354 3602 463 3674 Pythiis
482 3600 694 3656 citharoedorum
712 3599 898 3654 Lesbiacorurn
917 3601 1037 3655 victoriis
1056 3601 1137 3654 rerba
1156 3593 1228 3687 facit.
1263 3625 1265 3632 .
1423 3591 1438 3601 ⁹

407 3716 428 3780 ²)
446 3711 536 3782 Bergk
554 3715 573 3766 l.
592 3729 612 3768 c.
634 3713 662 3768 Il
683 3717 730 3765 149
750 3699 884 3780 adu.1'36.
903 3713 1065 3768 Plutarchus
1087 3715 1195 3782 quidem
1208 3716 1297 3784 (liges.
1312 3716 1355 3781 19)
1375 3715 1407 3768 de
1425 3731 1540 3786 gymno-

304 3801 459 3872 paediarum
479 3799 658 3853 celebratione
677 3799 743 3852 haec
762 3799 842 3852 dicit:
858 3793 914 3854 ’τὸν
928 3801 1028 3866 ἀγῶνα
1041 3805 1102 3866 τῶν
1120 3805 1216 3870 χορῶν
1236 3801 1379 3869 ἔπραττον
1391 3802 1435 3868 (cf.
1446 3805 1541 3856 autea:

305 3887 526 3958 ἀγωνιζομένων
544 3891 605 3940 τῶν
623 3891 719 3954 χορῶν
737 3887 770 3939 ἐν
788 3891 830 3954 τῷ
850 3887 990 3955 θεάτρῳ);
1017 3885 1063 3939 sed
1091 3887 1232 3955 scriptores
1255 3889 1414 3956 posterioris
1441 3890 1545 3942 aetatis.

305 3975 441 4032 vocabulis
460 3967 587 4040 drihuct
605 3971 794 4038 ἀγωνίζεσθαι
813 3989 890 4040 saepe
908 3988 970 4026 usos
994 3989 1065 4039 esse,
1090 3972 1138 4025 ubi
1158 3973 1189 4026 de
1208 3973 1402 4027 certaminibus
1421 3973 1542 4041 cogitare

304 4080 356 4117 non
375 4063 448 4126 ficet,
476 4060 543 4114 setis
567 4061 680 4111 constat.
705 4058 737 4111 de
761 4045 964 4140 gymhdpaediis
980 4057 1059 4144 'dixit
1077 4058 1198 4112 Sosibius
1217 4061 1248 4114 ἐν
1266 4065 1327 4123 τοῖς
1345 4061 1409 4128 περὶ
1428 4063 1541 4114 θυσιῶν

304 4148 402 4204 Athen.
421 4146 471 4224 XV
491 4146 585 4209 678b3
603 4144 635 4198 cf.
655 4144 737 4197 etiarn
756 4145 854 4201 Herod.
873 4145 912 4198 Vl
931 4149 992 4220 bl„
1132 4195 1135 4202 ,

410 4231 430 4328 ³)
449 4239 545 4314 Cleuas
564 4238 667 4326 primus
680 4241 862 4325 ‘carpenone
890 4258 970 4311 ctiam
994 4258 1100 4323 νόμους
1118 4220 1268 4312 condidisse
1287 4257 1386 4312 dicitur
1405 4259 1489 4326 (Plut.
1509 4261 1544 4312 de

304 4363 371 4402 mus.
390 4351 415 4412 3,
434 4344 524 4412 Bergk
554 4344 572 4397 1.
592 4361 613 4397 c.
632 4343 663 4397 II
683 4347 758 4409 218„
785 4359 863 4411 quem
891 4344 1057 4412 argumentis
1084 4344 1161 4397 nisus
1179 4359 1232 4396 non
1256 4345 1323 4398 satis
1347 4344 1432 4398 firmis
1456 4344 1541 4398 Plach
1654 4358 1657 4364 ·

303 4436 321 4489 l.
340 4451 362 4488 c.
380 4449 405 4502 p.
422 4437 473 4486 154
500 4447 546 4499 pro
564 4428 658 4485 fabula
676 4429 825 4483 habendum
845 4446 901 4484 esse
920 4430 1053 4496 opinetur.
1082 4429 1115 4482 cf.
1138 4431 1219 4483 etiam
1243 4429 1331 4484 Hiller
1358 4431 1427 4485 Mus.
1455 4431 1539 4482 Rhen.

302 4518 396 4572 XXXI
415 4523 460 4585 ab,
489 4517 630 4572 Guhrauer
657 4517 725 4569 „Zur
749 4515 843 4570 (iesch.
862 4517 908 4570 der
931 4516 1049 4570 Aulodilr
1074 4513 1098 4570 b.
1118 4517 1142 4570 d.
1163 4515 1308 4571 Griechene
1329 4519 1428 4586 (progr.
1448 4529 1542 4584 gymn.

305 4603 497 4671 Waldenburg.
508 4607 585 4672 1879)
596 4619 620 4672 p.
631 4607 654 4669 8,
667 4603 798 4658 Fleckeis.
808 4603 877 4657 Anu.
891 4607 956 4656 1880
978 4619 1002 4672 p.
1014 4607 1072 4669 691,
1092 4601 1270 4673 Eugelbrccht
1289 4605 1307 4658 l.
1316 4620 1337 4658 c.
1347 4599 1462 4656 XXXVI
1482 4603 1543 4652 186.
