3604 5356
1453 449 1495 514 55

259 618 310 682 his
328 622 416 684 enim
440 622 659 707 edelgnentur:
690 623 736 691 είς
759 628 816 704 τὴν
839 627 1019 706 τριετηρίδα
1040 632 1106 695 τῶν
1129 623 1336 697 Ἐλευσινίων
1365 634 1417 699 ἐπὶ
1437 635 1496 700 τὸν

259 726 410 804 γυμνικὸν
434 726 543 802 ἀγῶνα
571 729 622 794 καὶ
653 732 724 807 τῆ[ς
757 730 987 810 ἱπποδρομίας]
1021 733 1072 797 καὶ
1105 737 1164 798 τοῦ
1197 736 1333 814 πατρίου
1368 735 1495 814 ἀγῶνος

260 829 311 892 καὶ
334 833 392 906 τῆς
415 835 570 909 μουσικῆς
592 833 733 911 μέδιμνοι
751 830 872 918 ΙἚἹΔΔ.Ι
894 833 1101 928 (listinguitur
1115 835 1214 920 igitur
1235 837 1495 922 smagnishlleu-

260 930 411 1016 sinicrum
442 933 648 998 sollemnibus
676 937 796 1016 patrius
828 935 955 1020 qnidam
984 955 1080 1021 agen,
1111 941 1165 1022 qui
1187 960 1206 1005 e
1229 941 1303 1006 solis
1326 940 1494 1007 Eleusiniis

258 1032 380 1100 Bscche
407 1037 583 1102 celebratus
622 1056 689 1102 esse
728 1038 861 1116 videtur,
893 1040 933 1104 ci.
960 1039 1091 1122 Ilphem.
1115 1043 1198 1107 sreh.
1224 1041 1356 1110 senili
1380 1044 1494 1127 (1883)

257 1137 337 1218 pse
349 1155 413 1219 σφι
435 1141 487 1204 καὶ
503 1139 710 1220 ἀναγορεύειν
725 1147 844 1208 τοῦτον
859 1145 917 1209 τὸν
931 1145 1101 1223 στέφανον
1110 1145 1297 1214 Διονυσίων
1311 1153 1358 1232 τῷ
1370 1149 1494 1232 πατρίῳ

259 1239 357 1317 ἀγῶνι
380 1242 541 1308 Ἐλευσῖνι
564 1245 667 1330 ἐντῷ
691 1245 838 1330 θεάτρῳ..
855 1245 903 1310 his
927 1246 995 1310 sine
1019 1246 1114 1311 dubie
1137 1247 1254 1313 Bacchi
1279 1249 1389 1314 diebus
1405 1251 1494 1315 lestis

258 1345 401 1409 scaenica
433 1345 488 1411 ills
521 1349 693 1412 certamine
727 1351 798 1414 scta
828 1350 918 1424 sunt,
955 1369 1086 1433 querum
1116 1354 1235 1417 mentio
1267 1353 1304 1416 lit
1337 1353 1370 1416 in
1399 1353 1495 1418 titulo

261 1447 344 1513 intrs
367 1467 462 1514 annes
478 1450 543 1515 350
565 1453 597 1515 et
620 1449 694 1532 330,
718 1453 756 1516 ut
772 1453 906 1531 videtur,
931 1454 1044 1536 scripto
1071 1456 1217 1536 (Feucsrt
1242 1456 1330 1523 Bull.
1356 1457 1394 1520 de
1411 1473 1491 1522 cerr.

258 1549 331 1615 hell.
354 1551 405 1615 ΙΙΙ
429 1551 503 1632 120,
528 1554 749 1638 Dittenberger
778 1554 856 1639 Syll.
879 1555 974 1640 345):
1013 1560 1064 1623 καὶ
1087 1559 1225 1625 ἀνειπεῖν
1248 1563 1305 1632 τὸν,
1328 1561 1495 1640 στέφανον

261 1648 419 1722 Ἐλευσῖνι
452 1657 487 1722 ἐν
515 1664 561 1743 τῳ
582 1659 717 1744 θεάτρῳ·
737 1665 913 1748 τραγῳδῶν
941 1668 988 1746 τῳ
1012 1661 1122 1738 ἀγῶνι.
1157 1680 1256 1744 neque
1283 1680 1354 1727 vero
1382 1663 1494 1747 lyricus

259 1759 368 1825 cheros
391 1759 441 1824 hle
464 1761 667 1827 sollemnibus
691 1762 826 1828 defuisse
848 1765 943 1829 titulo
967 1765 1113 1830 docemur
1134 1785 1232 1849 nuper
1254 1767 1382 1831 demum
1402 1767 1495 1831 Eleu-

260 1862 330 1928 sine
351 1865 475 1948 reperto
500 1861 748 1948 (Ephemqsreh.
771 1886 829 1931 ser.
844 1867 902 1933 ΠΙ.
929 1865 1021 1934 1884.
1044 1853 1074 1951 ρ.
1092 1869 1132 1934 71
1157 1870 1227 1952 οφ),
1252 1871 1285 1935 in
1308 1887 1368 1952 quo
1383 1872 1494 1936 Demu-

261 1969 322 2034 sius
345 1967 478 2054 Dionysi
500 1967 584 2032 filius
607 1969 773 2034 Thebanus
802 1969 966 2047 laudatur,
997 1976 1078 2054 quod
1101 1974 1277 2056 Διονύσ[ια
1298 1975 1495 2056 π]οιούντων

260 2073 466 2140 Ἐλευσινίων
495 2073 717 2159 ἐσπούδασε[ν
751 2072 816 2162 κ]αὶ
845 2077 1051 2156 ἐφιλοτιμήθη
1084 2078 1170 2156 πρὸς
1199 2079 1277 2142 τοὺς
1300 2080 1396 2143 θεοὺς
1430 2077 1496 2166 κίαὶ

258 2175 329 2264 τ]ὸν
359 2181 462 2256 δῆμον
490 2182 556 2241 τῶν
584 2178 760 2257 Ἀθηναίων
792 2177 1121 2266 καὶ,Ἐλευσιν[ίων],
1157 2180 1250 2246 ὅπως
1273 2182 1319 2247 ὡς
1342 2185 1494 2246 κάλλιστα

255 2286 384 2359 γένηται
418 2283 458 2344 τὰ
493 2282 682 2365 Διονύ[σ]ια
720 2285 771 2348 καὶ
812 2284 1071 2362 παρασκευάσας
1110 2289 1179 2349 τοῖς
1216 2285 1316 2349 αὑτοῦ
1352 2287 1456 2349 τέλεσι
1468 2282 1492 2364 ¹)

257 2386 377 2464 χοροὺς
407 2386 482 2464 δύο,
506 2387 564 2450 τὸν
593 2387 649 2464 μέν
672 2387 813 2462 παίδων,
848 2386 1151 2469 succensebunt,
1177 2387 1338 2452 ἐπέδωκεν
1361 2391 1407 2452 τεῑ
1429 2387 1493 2462 Δή-

257 2511 348 2569 μητρι
371 2491 422 2553 καὶ
444 2494 490 2553 πεῖ
513 2490 605 2568 Κόρει
637 2492 689 2554 καὶ
722 2495 772 2555 roi
796 2492 971 2568 Διονύσοι,
1001 2539 1095 2558 .....
1118 2494 1277 2558 άνειπάτω
1302 2491 1330 2556 δ’
1353 2490 1494 2556 αὐτὸνὸ

257 2595 335 2673 μετὰ
370 2593 480 2660 Γνάθιν
514 2595 678 2673 δήμαρχος
712 2596 901 2660 Διονυσίων
934 2600 999 2661 τῶν
1021 2596 1179 2662 Ἐλευσῖνι
1206 2601 1275 2661 τοῖς
1304 2599 1495 2680 τραγῳδοῖς,

259 2697 308 2762 ὅτι
332 2697 470 2774 ὁδῆμος
494 2697 512 2760 ὁ
536 2697 742 2762 Ἐλευσινίων
765 2719 791 2762 ο.
817 2717 845 2780 q.
871 2718 894 2764 s.

360 2825 456 2906 Psgis
478 2824 597 2890 Atticis
620 2827 697 2890 aedo
722 2825 880 2891 Salamine
902 2827 1055 2906 insulam,
1083 2827 1116 2891 in
1142 2845 1203 2908 que
1225 2826 1394 2910 lyricorum
1418 2826 1492 2890 uhc-

257 2945 363 2993 rorum
387 2927 561 2992 certamine
584 2945 711 3012 prorsus
735 2928 841 2992 eedem
864 2931 955 2993 modo
986 2932 1079 3011 atque
1103 2930 1235 2993 Athenis
1260 2932 1331 2994 ecte
1353 2947 1420 2994 esse
1442 2929 1491 2991 in-

256 3033 435 3116 tellegimus
452 3053 468 3096 e
484 3031 579 3097 titulo
595 3031 764 3114 choragieo‚
789 3033 842 3114 qui
864 3031 956 3095 initio
978 3033 1083 3114 quarti
1105 3050 1132 3097 a.
1147 3031 1217 3096 Ohr.
1234 3032 1350 3096 saeculi
1372 3031 1491 3095 adscri-

259 3137 380 3202 bendus
404 3141 450 3201 est
474 3133 571 3220 (Bull.
595 3138 632 3200 de
649 3155 726 3201 cerr.
750 3136 823 3200 hell.
844 3135 886 3199 VI
908 3134 1004 3214 521):

259 3267 433 3344 Διόδωρος
451 3260 652 3342 Ἐξηκεστίδο
673 3265 678 3345 Ι
697 3267 833 3343 νικήσας
848 3269 948 3342 χορῶι
963 3265 1098 3342 παίδων,
1118 3263 1123 3350 Ι
1142 3263 1284 3330 Παιδέας
1308 3265 1467 3339 ἐδίδασκε,
1486 3264 1491 3348 Ι

257 3369 448 3448 Τηλεφάνης
470 3367 545 3446 ηίίλε
568 3369 735 3446 Μεγαρεύς
744 3365 782 3448 ‘'l„
802 3363 807 3452 Ι
832 3366 1012 3447 Φιλόμηλος
1036 3367 1124 3446 ἦρχε.
1423 3363 1424 3368 ’

257 3608 416 3678 agebantur.
445 3608 478 3660 de
504 3605 694 3675 pentastericis
722 3605 754 3658 ci.
779 3605 846 3660 Poll.
868 3605 935 3660 VIII
960 3611 1008 3658 107
1033 3606 1177 3675 ἱεροποιοί·
1212 3607 1279 3660 δέκα
1304 3605 1386 3670 ὄντες
1413 3605 1494 3660 οὗτοι

257 3699 344 3750 ἔθυον
362 3697 413 3760 τάς
430 3694 528 3757 θυσίας
545 3694 596 3756 τὰς
614 3692 852 3760 πενταετηρίδας,
871 3695 926 3759 τὴν
945 3691 984 3756 είς
1002 3694 1100 3759 Δῆλον
1171 3693 1226 3760 τὴν
1247 3693 1439 3747 Ἐλευσῖνάδε.
1463 3691 1494 3743 dc

256 3783 383 3849 praemiis
400 3782 543 3850 propositis
562 3780 596 3834 cl.
616 3779 702 3832 Schol.
714 3779 792 3838 Pind.
812 3779 918 3848 Olymp.
937 3777 1023 3832 XIIII
1039 3783 1100 3832 λάθε
1121 3779 1221 3845 ἄγεται
1240 3781 1270 3834 δέ
1293 3779 1394 3833 αὐτόθι
1412 3779 1494 3844 ἀγὼν

259 3870 350 3938 Κόρης
363 3870 410 3921 καί
428 3869 590 3936 Δήμητρος,
610 3867 641 3930 ὃς
659 3869 786 3920 καλεῖται
804 3857 971 3935 Ἐλευσίνια,
989 3865 1024 3919 οὗ
1043 3867 1167 3920 ἔπαθλον
1186 3866 1288 3934 κριθαί.

362 3981 381 4049 ¹)
402 3980 445 4033 Sic
464 3981 535 4033 enlm
553 3979 698 4049 legendnm
716 3995 774 4032 esse
797 3980 864 4046 puto
892 3995 939 4047 pre
966 3979 1012 4043 eis,
1038 3995 1104 4046 quse
1129 3981 1246 4032 'Isuntus
1270 3980 1298 4031 in
1325 3977 1413 4044 lapide
1440 3976 1494 4029 sibi

258 4067 463 4136 deprehendisse
490 4066 563 4119 visus
587 4068 628 4118 est
654 4066 747 4120 γΛΕΛΗ
765 4064 769 4134 Ι
785 4063 812 4118 ΕΙ
842 4066 958 4133 χορούς,
983 4063 1015 4118 cf.
1038 4071 1099 4128 τοῖς
1122 4064 1201 4129 ἰδίοις
1228 4067 1322 4118 τέλεσι
1347 4063 1428 4116 Thus.
1454 4061 1493 4115 VI

257 4161 299 4217 16,
318 4161 342 4218 3,
360 4152 434 4206 Plut.
453 4151 551 4214 Timul.
570 4156 611 4216 23,
631 4150 776 4218 δημοσίοις
794 4151 887 4205 τέλεσι
905 4147 979 4204 Ρίυί.
997 4149 1078 4204 Phoc.
1098 4157 1139 4205 38.
1259 4141 1269 4165 ³

362 4260 383 4324 ²)
402 4258 474 4311 Duos
502 4256 665 4324 Telephanes
693 4256 818 4312 tibicines
843 4254 1031 4308 discernendos
1056 4272 1111 4308 esse
1135 4255 1179 4309 hic
1202 4254 1300 4306 titulus
1326 4253 1494 4306 demonstrat

258 4345 350 4413 (aliter
377 4336 495 4398 senserat
525 4342 667 4397 Guhusuer
693 4343 790 4396 Annul.
819 4341 885 4410 phil.
913 4341 1047 4410 Supplem.
1079 4341 1144 4397 VIII
1171 4343 1248 4408 342),
1281 4356 1393 4409 quorum
1425 4355 1493 4391 unus

259 4430 379 4494 Samius,
409 4430 478 4483 alter
504 4429 673 4496 Megarensis
698 4431 763 4481 erebi
788 4428 823 4482 uel
846 4429 1045 4496 Megarenscrn,
1071 4443 1148 4497 quem
1173 4429 1272 4481 saeculi
1296 4428 1387 4495 quarti
1417 4426 1493 4492 purte

257 4516 345 4585 priore
364 4515 460 4568 risisse
481 4514 562 4567 tltnlo
581 4514 730 4566 Salaminio
749 4514 957 4578 demonstretur,
976 4514 1129 4568 referendus
1147 4517 1188 4566 est
1207 4513 1349 4567 Plutarchi
1372 4511 1446 4564 loeus
1461 4508 1493 4562 de

257 4619 326 4659 nnus.
345 4606 391 4655 21:
410 4601 581 4668 Τηλεφάνης
600 4601 615 4654 ὁ
630 4601 791 4669 Μεγαρικὸς
809 4603 903 4666 οὕτως
921 4603 1080 4668 ἐπολέμησε
1097 4607 1161 4665 τοῖς
1179 4601 1404 4669 superbulliens
1424 4599 1493 4660 τοὺς

258 4690 428 4752 αὐλοποιοὺς
456 4687 516 4742 οὐδ’
543 4688 682 4742 ἐπιθεῖναι
708 4689 827 4742 πώποτε
851 4689 949 4742 εἴασεν
973 4689 1017 4742 ἐπὶ
1041 4689 1110 4752 τοὺς
1141 4689 1254 4753 αὐλοὺς,
1277 4687 1348 4741 ἀλλὰ
1375 4688 1492 4739 καὶτοῦ
