3604 5356
1463 435 1503 498 27

263 617 431 697 plicantur,
454 615 589 698 legimus
613 617 703 680 haec:
727 618 778 681 καὶ
802 617 999 695 ἐξηγήσαντό
1025 627 1124 694 τινες,
1149 619 1197 683 ὅτι
1220 623 1288 684 τοῖς
1313 622 1503 700 Θαργηλίοις

264 723 355 784 δυοῖν
371 723 489 798 φυλαῖν
505 719 550 784 είς
573 719 674 798 μόνος
693 721 868 784 καθίστατο
893 721 1043 799 χορηγός,
1070 726 1139 786 τοῖς
1164 724 1201 786 δὲ
1223 721 1370 802 μεγάλοις
1387 727 1503 791 Διονυ-

266 823 353 888 σίοις
367 823 642 901 Ἀνθεστηριῶνος
659 824 769 901 μηνός,
793 824 942 888 πλείονος
963 823 1050 908 αὐτῷ
1066 827 1251 904 γιγνομένης
1274 831 1332 904 τῆς
1349 829 1504 906 δαπάνης,

268 925 313 990 εἷς
338 927 478 1004 χορηγὸς
503 926 641 1003 ἑκάστης
666 930 771 1006 φυλῆς
795 927 980 991 καθίστατο.
1004 927 1085 990 unde
1106 929 1313 1011 colligendum
1331 949 1396 994 esse
1411 934 1504 1012 pota-

267 1027 345 1094 bant
367 1028 507 1092 homines
531 1011 615 1092 docti
641 1028 691 1110 (of.
710 1029 843 1095 Fouoart
859 1029 881 1092 1.
898 1029 937 1114 c.)
961 1028 1050 1092 binas
1071 1048 1192 1113 semper
1207 1031 1307 1096 trihus
1325 1034 1504 1098 coniunctas

267 1151 365 1197 unum
395 1133 521 1197 chorum
554 1131 733 1214 praebuisse
757 1133 950 1218 Thargeliis,
987 1132 1128 1216 singulas
1157 1133 1261 1198 tribus
1285 1135 1442 1219 Dionysiis
1471 1138 1502 1200 in

267 1237 424 1298 certamen
452 1234 655 1300 descendisse.
692 1240 723 1299 et
752 1256 784 1300 re
807 1255 879 1301 vera
902 1255 938 1300 cx
960 1236 1155 1318 Antiphonte
1180 1237 1234 1315 vl,
1264 1239 1301 1300 11
1332 1241 1503 1324 choragum

265 1339 420 1418 quandam
464 1341 587 1403 saeculo
623 1339 731 1420 quinto
766 1344 895 1406 exeunte
929 1339 1061 1404 duarum
1095 1340 1234 1405 tribuum
1268 1343 1504 1410 coniuncturum

263 1441 390 1506 chorum
415 1440 601 1506 instruxisse
630 1442 806 1526 Thargeliis
841 1444 1037 1524 compertum
1064 1442 1235 1510 habemus:
1271 1446 1303 1509 et
1337 1447 1370 1509 in
1392 1444 1502 1512 ¹trihus

265 1561 386 1626 quoque
421 1543 453 1608 in
477 1544 586 1628 Pythii
613 1545 739 1628 regione
762 1545 802 1610 ad
824 1545 952 1610 Ilissnm
979 1548 1109 1628 repertis
1133 1547 1236 1610 titulis
1264 1547 1355 1613 binae
1379 1567 1503 1632 semper

265 1647 448 1711 coniunctae
471 1652 544 1712 sunt
567 1648 679 1714 tribus.
705 1649 758 1713 sed
781 1650 878 1714 etiam
900 1648 933 1713 in
957 1649 1052 1712 titulo
1076 1649 1115 1714 ad
1138 1649 1258 1714 radices
1281 1652 1502 1716 meridionales

267 1751 348 1815 arcis
370 1750 500 1815 invento
526 1751 649 1834 (Mitth.
675 1752 703 1818 d.
727 1753 754 1816 d.
779 1751 861 1816 arch.
880 1753 957 1818 lost.
981 1753 1012 1819 Π
1038 1752 1113 1836 189)
1129 1783 1131 1788 ’
1146 1753 1223 1818 duae
1247 1754 1349 1819 tribus
1372 1754 1498 1819 coniun-

265 1853 382 1936 guntur
405 1853 548 1934 idemque
571 1854 656 1918 valet
678 1857 716 1918 de
738 1854 841 1918 titulis
858 1853 930 1918 oid
952 1854 1016 1920 216
1040 1856 1072 1918 et
1094 1855 1166 1932 220,
1190 1856 1243 1936 qui
1278 1875 1336 1941 quo
1360 1857 1426 1923 loco
1451 1861 1500 1922 in-

224 1945 227 1950 ’
266 1958 352 2022 venti
382 1957 467 2034 sint,
500 1960 674 2042 ignoratur.
713 1958 794 2022 nihil
816 1958 915 2040 igitur
937 1959 1014 2022 certi
1037 1959 1108 2022 inde
1132 1959 1273 2024 concludi
1296 1962 1417 2044 potest3
1444 1961 1504 2025 hoo

221 2119 223 2131 ‚
266 2063 374 2126 autem
396 2064 536 2127 statuere
559 2063 645 2139 licet,
671 2061 752 2143 qnod
776 2059 875 2126 adhuc
889 2061 1032 2125 homines
1049 2061 1155 2126 doctos
1179 2063 1271 2148 fugit,
1295 2063 1384 2130 binas
1398 2057 1503 2130 trihus

265 2163 448 2228 coniunctas
478 2181 633 2245 nusquam
662 2163 795 2226 inveniri
826 2161 886 2226 nisi
916 2164 950 2226 in
980 2183 1146 2244 puerorum
1176 2164 1279 2228 choris
1292 2164 1323 2246 ¹).
1376 2168 1502 2248 quando

266 2269 374 2332 autem
397 2267 429 2330 et
451 2267 564 2348 quihus
582 2267 619 2330 de
635 2267 734 2331 causis
751 2266 840 2329 binas
863 2269 913 2331 vel
929 2267 1068 2350 singulas
1089 2266 1191 2332 trihus
1206 2287 1374 2350 puerorum
1392 2269 1501 2335 choros

266 2370 444 2451 praebuisse
469 2371 673 2436 statuendum
694 2371 748 2452 sit,
775 2369 905 2434 fortasse
927 2371 1001 2433 novi
1023 2368 1110 2433 tituli
1134 2371 1253 2434 inventi
1277 2371 1352 2436 olim
1377 2374 1501 2437 demon·

265 2475 422 2541 straboni.
461 2475 513 2556 qui
536 2475 612 2538 dum
635 2474 756 2556 praesto
780 2490 839 2537 non
864 2476 947 2549 sunt,
974 2471 1108 2553 ingenue
1138 2471 1231 2535 fateri
1267 2459 1415 2538 dehemus
1443 2492 1496 2539 nos

265 2577 495 2653 dedicationeS‚
535 2596 611 2658 quae
646 2580 683 2641 ad
715 2577 863 2660 Dionysia
897 2593 1036 2656 quaeque
1069 2573 1108 2639 ad
1141 2575 1320 2658 Thargelia.
1341 2580 1499 2658 spectant,

266 2680 460 2762 distinguere
485 2697 544 2744 non
567 2698 663 2761 posse.
702 2680 754 2742 sed
778 2679 909 2743 fortasse
933 2677 984 2741 hio
1007 2694 1127 2760 quoque
1151 2677 1281 2742 diversis
1304 2680 1501 2762 temporibus

265 2781 387 2848 diversa
409 2782 557 2848 instituta
578 2782 735 2846 valebant.

369 2911 486 2976 Verum
503 2917 670 2992 antequam
688 2911 771 2992 ipsos
795 2909 906 2974 titulos
930 2909 1111 2991 choragicos
1135 2927 1317 2990 proponam,
1341 2929 1442 2992 pauca
1465 2913 1502 2976 de

266 3013 399 3098 singulis
423 3018 530 3078 eorum
562 3013 707 3096 partibus
730 3012 960 3092 praemittenda
986 3010 1148 3074 videntur:
1179 3015 1216 3075 de
1241 3011 1335 3076 variis
1358 3013 1502 3076 formulis

264 3118 297 3182 in
320 3119 368 3182 eis
392 3118 551 3200 usurpatis
574 3117 658 3181 infra
681 3115 832 3181 dicturos.
862 3117 977 3180 etenim
1000 3114 1080 3179 solet
1109 3114 1144 3178 in
1166 3114 1216 3178 his
1240 3114 1344 3178 titulis
1367 3132 1501 3180 comme·

266 3221 382 3285 morari
405 3221 507 3285 trihus
532 3222 643 3286 victrix
666 3221 732 3305 (vel
755 3219 853 3285 trihus
870 3218 1027 3298 victrices)
1054 3217 1162 3282 addito
1186 3219 1367 3284 certaminis
1390 3238 1502 3302 genere

269 3326 425 3405 (ἀνδρῶν,
462 3325 588 3389 παίδων
598 3322 642 3406 ll}
679 3322 840 3404 praeterea
877 3337 999 3403 semper
1037 3323 1299 3386 commemoratur
1335 3325 1501 3404 choragus,

266 3429 318 3508 qui
358 3425 455 3492 tribui
497 3426 629 3490 certanti
669 3425 844 3506 adscriptus
887 3425 949 3500 est,
987 3426 1018 3490 et
1055 3427 1349 3503 χοροδιδάσκαλος,
1389 3426 1501 3507 ηοίδυο

265 3533 389 3597 saeculo
418 3535 527 3614 quarto
559 3531 686 3594 additur
715 3529 852 3594 tibicinis
874 3547 1007 3603 nomen3=
1040 3529 1175 3611 denique
1202 3547 1313 3594 noman
1341 3530 1503 3594 archontis

266 3635 339 3699 addi
361 3637 449 3701 solet.
486 3653 585 3718 neque
615 3652 697 3698 vero·
719 3651 794 3698 casu
822 3634 956 3697 uuasrel
979 3632 1151 3696 alienares
1174 3632 1300 3698 additur
1328 3637 1382 3698 aut
1405 3636 1501 3700 omit·

264 3737 344 3800 titur
367 3755 465 3820 neque
487 3739 560 3803 ordo
584 3737 733 3801 mutatus.
749 3735 837 3800 casui
859 3733 957 3801 tribui
979 3735 1099 3818 potest3
1133 3733 1231 3799 immo
1260 3737 1366 3802 eodem
1388 3737 1500 3811 modo,

267 3857 327 3922 quo
347 3840 379 3903 in
395 3843 473 3904 actis
488 3845 615 3906 senatus
636 3839 804 3922 populique
820 3836 1061 3907 Atheniensium
1078 3851 1101 3900 'e
1124 3837 1267 3902 formulis
1291 3840 1422 3904 mutatis
1446 3861 1505 3905 nos

267 4000 469 4009 -0—

347 4143 349 4149 y
369 4090 388 4154 ¹)
407 4085 531 4152 Virorum
550 4090 639 4140 autem
658 4087 751 4140 choros
769 4102 785 4138 a
803 4086 919 4153 siugulis
939 4085 1064 4140 tribubus
1083 4087 1172 4140 eodem
1185 4087 1271 4151 modo,
1287 4103 1339 4154 quo
1352 4087 1502 4155 Dionysus,

265 4171 416 4241 Thargeliis
444 4188 547 4241 quoque
574 4175 722 4226 instructos
749 4189 804 4226 esse
831 4174 888 4225 veri
915 4172 1003 4226 simile
1026 4174 1058 4228 fit
1082 4190 1095 4229 e
1122 4175 1204 4236 titulo
1232 4172 1293 4228 CIA
1317 4174 1347 4228 Π
1371 4175 1422 4230 553
1450 4192 1501 4244 quo

264 4257 356 4312 Nicias
374 4260 484 4328 qnidam
503 4275 519 4312 a
536 4258 703 4332 Pandionide
721 4259 797 4313 tribu
816 4259 956 4313 laudatur:
974 4262 1019 4314 ὅτι
1038 4261 1069 4316 εὖ
1090 4265 1135 4322 καλ
1154 4262 1309 4328 προθύμως
1322 4262 1502 4332 ἐχορήγησεν

264 4351 326 4409 τοῖς
343 4349 422 4404 παισί
440 4348 486 4400 καί
514 4345 592 4410 ἐνίκα
616 4346 755 4400 Διονύσια
779 4347 825 4399 καί
850 4347 996 4414 Θαργήλια
1022 4335 1167 4415 ἀνδράσιν,
1187 4351 1214 4400 et
1232 4364 1264 4400 ex
1282 4348 1393 4416 choragi
1414 4350 1502 4401 verbis

263 4431 336 4499 apud
355 4433 463 4500 Lysiam
482 4431 546 4486 XXI
568 4439 580 4484 1
600 4447 639 4500 sq.

370 4547 389 4611 ²)
403 4545 495 4598 Etiam
512 4561 557 4600 eos
569 4545 666 4599 titulos
679 4544 841 4613 choragium,
852 4544 882 4598 in
894 4543 992 4610 quibus
1006 4546 1162 4598 certaminis
1173 4561 1257 4611 genus
1271 4545 1311 4597 ita
1324 4545 1503 4614 designatum

264 4647 316 4686 non
335 4635 384 4696 est,
408 4632 442 4685 ad
460 4633 553 4686 choros
578 4632 674 4700 lyricos
694 4633 826 4699 pertinere
844 4647 891 4698 pro
910 4634 983 4699 certo
1002 4629 1139 4684 adfirmari
1159 4635 1255 4698 potest,
1275 4648 1335 4684 oum
1362 4635 1390 4686 iu
1410 4635 1504 4688 chora·

263 4717 318 4786 giis
336 4717 465 4772 scaenicis
484 4732 631 4784 numquam
650 4715 739 4769 tribus
758 4719 995 4780 commemoratum
1014 4717 1048 4769 ci.
1067 4715 1128 4770 ola
1148 4715 1177 4771 II
1197 4721 1256 4782 971,
1275 4717 1349 4774 Plut.
1368 4718 1458 4774 Them.
1480 4727 1504 4774 5.
