3604 5356
1455 473 1489 536 ll

255 668 333 732 tutis
357 665 523 748 scriptores
546 667 675 728 narrant
688 660 720 740 ¹),
755 679 825 726 cnm
854 660 911 725 alii
934 659 1153 737 Pisistratum,
1189 659 1244 724 alii
1277 661 1492 744 Hipparchum

255 769 328 835 nori
362 767 506 832 instituti
538 771 695 830 auctorem
719 763 899 844 nominant,
934 761 971 826 cf.
997 762 1087 846 Diog.
1118 763 1224 828 Laert.
1250 763 1265 828 1
1295 765 1347 838 57,
1381 765 1491 846 (Plat.)

256 869 425 956 Hipparch.
448 871 511 934 228
535 869 571 946 Β,
604 866 724 934 helian.
748 866 786 931 V.
810 867 851 932 H.
875 865 965 945 VIII,
990 866 1020 944 2,
1044 866 1114 948 Lyc.
1138 866 1277 934 Leocrat.
1308 867 1387 948 102;
1424 871 1492 932 tum

255 973 351 1039 etiem
375 971 546 1036 certamina
569 969 811 1052 rhapsodorum,
848 986 926 1052 quae
960 969 1081 1033 sacculo
1105 971 1213 1050 quinto
1246 971 1380 1054 viguisse
1410 971 1494 1036 Ionis

256 1074 413 1140 Platonici
436 1074 562 1138 initium
586 1073 732 1152 testatur,
754 1071 902 1136 instituta
918 1089 984 1136 esse
1008 1071 1100 1136 facile
1123 1075 1159 1135 ut
1182 1091 1342 1138 sumamus
1365 1074 1493 1138 adduci·

256 1197 335 1244 mur.
358 1196 457 1259 neque
481 1195 551 1240 vero
575 1175 848 1242 commissionibus
871 1175 997 1240 musicis
1020 1193 1146 1258 prorsus
1162 1175 1383 1242 Panathenaea
1405 1195 1493 1244 caru·

254 1281 317 1344 isso
339 1280 476 1344 statuere
500 1277 585 1343 licet.
609 1297 681 1343 nam
704 1296 895 1361 quamquam
923 1279 1077 1345 Periclem
1101 1279 1226 1344 demum
1250 1281 1404 1345 musicum
1426 1300 1493 1346 cer·

254 1386 361 1447 tamen
402 1381 559 1447 addidisse
598 1383 744 1447 statuunt
780 1381 946 1446 Plutarchi
980 1381 1043 1447 nisi
1082 1383 1277 1460 testimonio,
1311 1383 1394 1464 (Per.
1433 1386 1491 1465 13),

255 1491 362 1551 tamen
380 1485 656 1567 Wachsmuthiolt
679 1487 847 1560 adsentior,
864 1487 917 1574 qni
940 1485 1049 1550 Leahii
1072 1488 1104 1550 et
1126 1485 1280 1554 Gerhardi
1303 1487 1493 1552 sententiam
1578 1551 1579 1554 ,

255 1591 415 1673 amplexus
447 1590 513 1654 iam
540 1589 811 1655 Pisistratidarum
846 1589 1039 1674 temporibus
1073 1590 1187 1654 odeum
1225 1590 1358 1654 Athenis
1396 1590 1493 1656 fuisse
1569 1646 1572 1651 .

256 1693 350 1776 putat
370 1693 477 1775 ibique
499 1693 668 1776 rhapsodos
693 1697 724 1756 et
747 1693 941 1759 citharoedos
958 1696 1093 1757 certasse
1110 1693 1222 1757 collato
1239 1693 1388 1776 Hesychii
1404 1695 1493 1758 testi·

257 1796 361 1859 monio
384 1813 409 1860 s.
433 1814 461 1859 v.
486 1798 611 1878 ᾡδεῑον·
634 1795 737 1862 τόπος
762 1796 796 1860 ἐν
819 1797 845 1880 ᾧ
869 1797 944 1875 πρὶν
967 1797 1006 1862 τὸ
1029 1799 1166 1875 θέατρον
1194 1801 1492 1874 κατασκευασθῆναι

256 1897 287 1963 οἱ
310 1895 462 1982 ῥαῳωδοὶ
484 1900 535 1963 καὶ
558 1895 589 1963 οἱ
612 1900 785 1982 κιθαρῳδοὶ
815 1900 1022 1978 ἠγωνίζοντο.
1061 1918 1097 1964 ac
1131 1902 1182 1964 vir
1215 1899 1275 1964 tibi
1308 1900 1493 1982 persuadeas

257 2002 468 2080 citharoedos,
505 2021 581 2085 quos
616 2002 689 2067 inde
719 2005 758 2066 ab
789 2003 1019 2084 antiquissimis
1043 2003 1237 2084 temporibus
1260 2005 1298 2068 ad
1322 2005 1494 2067 certamina

257 2105 452 2170 descendisse
476 2107 603 2182 scimus,
628 2105 762 2170 Athenis
786 2105 888 2171 medio
905 2109 1030 2170 demum
1048 2105 1157 2188 quinto
1180 2106 1301 2170 saeculo
1323 2107 1362 2172 ad
1378 2125 1493 2190 agonem

257 2208 410 2272 admissos
434 2226 512 2272 esse.
551 2209 729 2291 quadem
759 2209 841 2272 infru
863 2209 1005 2291 pluribus
1030 2207 1209 2292 disputabo:
1244 2227 1327 2272 nunc
1350 2210 1389 2275 ad
1412 2209 1494 2274 Pisi·

258 2311 395 2377 stratum
416 2313 516 2388 redeo.
554 2311 582 2376 is
606 2311 705 2396 igitur
728 2331 837 2377 auram
860 2313 1042 2396 popularem
1071 2315 1199 2392 captans
1222 2330 1283 2375 non
1306 2316 1396 2378 modo
1420 2316 1495 2378 deae

258 2433 400 2479 summae
422 2415 588 2480 sollemnia
610 2417 786 2492 exornavit,
822 2417 876 2480 scd
905 2414 1021 2480 Bacchi
1043 2432 1163 2496 quoque
1186 2415 1306 2479 cultum
1329 2415 1361 2479 in
1385 2415 1494 2498 primis

259 2516 345 2582 aurit
368 2519 399 2581 et
423 2517 637 2599 amplificavit.
662 2521 756 2600 atquo
780 2523 870 2582 acute
894 2517 1071 2583 observarit
1096 2515 1305 2582 Wilamowitr
1318 2520 1339 2582 1.
1354 2536 1380 2584 c.
1394 2538 1421 2602 ρ.
1431 2517 1493 2582 248

258 2621 329 2686 adn.
340 2621 380 2685 13
389 2622 441 2702 (cf.
454 2641 483 2705 p.
493 2621 570 2703 310)
587 2621 735 2705 Dionysia
748 2623 850 2704 prima
860 2623 1035 2686 instaurata
1047 2639 1122 2704 esse,
1136 2624 1321 2704 cumprime
1336 2619 1495 2704 tragoedia

258 2727 291 2789 in
305 2743 447 2792 scaenam
460 2729 611 2808 producta
627 2726 678 2806 sit,
695 2726 786 2791 idest
801 2745 827 2791 a.
843 2728 882 2790 ol.
897 2725 948 2811 61,
962 2725 982 2791 8
998 2725 1074 2803 (584
1089 2745 1116 2790 a.
1130 2724 1215 2806 (thr.)
1228 2725 1254 2809 ³)
1281 2731 1406 2805 (marm.
1423 2725 1494 2790 Par.

259 2828 329 2894 l.58
346 2849 392 2912 ep.
405 2828 473 2911 43).
489 2849 588 2912 neque
605 2847 678 2894 vero
695 2829 859 2895 chororum
876 2830 1046 2894 certamina
1058 2829 1112 2893 illa
1126 2832 1230 2894 aetate
1244 2829 1377 2894 Athenis
1389 2830 1496 2914 ignota

260 2931 356 2995 luisse
380 2932 468 2996 nobis
491 2932 758 3014 persuadebimus
782 2933 809 2996 si
833 2935 863 2997 et
887 2931 1078 3014 tragoediam
1102 2937 1171 2995 tum
1192 2931 1329 2994 floruisse
1352 2933 1495 3010 resputa·

261 3034 399 3099 rerimus
422 3039 453 3100 et
476 3035 591 3100 Lasum
615 3035 809 3106 Simonidem
825 3036 1051 3099 Anacreontem
1074 3035 1106 3096 in
1122 3033 1394 3097 Pisistratidarum
1410 3032 1496 3113 regia

261 3137 399 3201 versatos
422 3155 488 3202 esse
512 3138 757 3203 meminerimus.
789 3140 881 3219 atque
905 3137 941 3201 dc
964 3135 1042 3201 baso
1065 3135 1177 3200 Suidas
1200 3154 1267 3201 sn.
1291 3137 1403 3202 Λᾶσος
1418 3135 1494 3200 hacc

260 3240 370 3305 hahet:
404 3246 535 3320 πρῶτος
558 3244 594 3307 δὲ
617 3241 715 3307 οὗτος
744 3242 998 3321 ...διθύραμβον
1020 3240 1066 3305 εἰς
1100 3239 1210 3316 ἀγῶνα
1233 3241 1393 3319 εἰσήγαγε,
1417 3257 1495 3322 quae

261 3344 300 3408 ad
330 3345 502 3409 certamina
537 3345 669 3410 Athenis
707 3343 915 3409 Pisistratidis
949 3344 1152 3427 regnantibus
1186 3343 1298 3409 habita
1332 3344 1495 3409 referenda

261 3463 326 3510 esse
350 3446 483 3530 Berglrio
509 3447 541 3530 (l.
559 3466 585 3515 c.
600 3449 629 3512 II
654 3448 715 3512 377
734 3447 804 3512 adu.
822 3445 896 3531 152)
920 3447 1086 3511 adsentior.
1111 3446 1165 3512 sed
1188 3448 1249 3512 alio
1265 3465 1388 3529 prorsus
1404 3448 1495 3512 modo

261 3549 327 3613 sine
351 3549 445 3614 dubio
468 3551 643 3615 certamina
660 3551 716 3614 illa
730 3552 762 3614 in
780 3552 985 3634 tyrannorum
1008 3550 1104 3633 regiis
1127 3549 1386 3628 instituebantur,
1403 3549 1495 3630 atque

262 3670 297 3716 ea
310 3670 387 3734 quae
399 3652 546 3718 liberatae
558 3655 620 3718 iam
634 3653 834 3720 celebrabant
844 3653 995 3719 Athenae.
1010 3671 1104 3735 quare
1117 3672 1172 3717 suo
1185 3653 1251 3716 iure
1267 3657 1374 3716 auctor
1389 3652 1495 3716 chron.

261 3753 347 3818 Parii
370 3754 497 3820 demum
521 3759 562 3821 ol.
587 3757 638 3840 68,
666 3761 678 3820 l
701 3758 776 3840 (508
799 3776 827 3824 a.
845 3756 930 3837 Chr.)
959 3759 1019 3838 (ep.
1035 3755 1076 3820 46
1099 3755 1120 3818 l.
1134 3755 1188 3833 61)
1214 3754 1332 3838 primos
1357 3756 1494 3821 virorum

367 3997 386 4064 Ι)
405 3996 438 4050 cf.
457 3997 489 4048 A.
508 3994 656 4048 Mommsen
675 3993 693 4047 1.
714 4009 736 4046 c.
757 4009 782 4062 p.
802 3997 864 4060 138,
882 3993 1060 4048 Wilamouitz
1079 3993 1097 4047 1.
1116 4010 1138 4048 c.
1157 4009 1183 4063 p.
1203 3999 1261 4059 263,
1280 3993 1445 4063 eundemque
1465 3994 1496 4048 de

259 4081 349 4135 verbis
369 4083 397 4137 ἐξ
416 4082 560 4148 ὑποβολῆς
576 4084 604 4134 et
622 4081 651 4135 ἐξ
669 4079 843 4148 ὑπολήψεως
870 4095 895 4150 p.
916 4085 966 4133 act
983 4095 1023 4150 sq.

367 4187 386 4251 ²)
406 4185 488 4239 Stadt
506 4185 597 4238 Athen
616 4200 641 4252 p.
660 4188 710 4238 tot
734 4183 794 4237 adn.
817 4189 839 4236 1.
869 4199 899 4236 ac
927 4182 1029 4237 similia
1055 4183 1110 4237 iam
1138 4184 1290 4253 protulerat
1314 4184 1418 4241 ¹Breuer
1436 4185 1454 4239 l.
1473 4201 1495 4239 c.

261 4283 286 4336 p.
299 4272 338 4332 19,
358 4275 399 4324 20.
418 4270 500 4324 aliter
517 4270 617 4324 statuit
634 4269 723 4324 Hiller
741 4269 832 4324 Herm.
849 4267 904 4324 VII
922 4273 986 4336 aab,
1004 4269 1038 4323 cl.
1058 4269 1165 4338 Lipsius
1184 4271 1312 4326 Bursiani
1331 4273 1402 4328 Anu.
1421 4275 1497 4338 1873,

262 4358 277 4406 2
295 4370 322 4424 p.
347 4358 422 4409 1399.
451 4357 498 4410 sed
524 4357 592 4411 hanc
610 4357 792 4426 quaestionem
812 4356 970 4411 intricatam
988 4372 1050 4411 sane
1072 4356 1117 4411 hic
1140 4357 1264 4428 pluribus
1283 4361 1445 4428 pertractare
1464 4359 1497 4412 ab

259 4440 391 4494 ‘instituto
409 4459 467 4496 meo
484 4444 601 4498 alienum
619 4459 677 4497 esse
697 4443 810 4496 videtur.

367 4546 387 4613 ³)
407 4546 482 4601 Idem
500 4563 566 4614 quae
584 4547 656 4616 apud
674 4546 821 4600 Eusebium
849 4545 1089 4616 (11988α1ιοωιε)
1115 4547 1149 4602 ad
1176 4548 1212 4602 ol.
1230 4553 1306 4613 61,3
1334 4547 1499 4600 adnotantur

261 4632 301 4686 sic
319 4631 486 4686 restituenda
504 4647 560 4684 esse
574 4634 738 4701 suspicatur:
758 4633 928 4700 Ξενοφάνης
941 4635 1061 4700 φυσικὸς
1074 4635 1129 4703 [καὶ
1144 4635 1255 4702 θέσπις]
1268 4635 1498 4704 τραγῳδιοποιὸς

262 4718 431 4785 ἠγωνίζετο.
