<?xml version="1.0" encoding="UTF-8"?>
<!DOCTYPE html PUBLIC "-//W3C//DTD XHTML 1.0 Transitional//EN"
    "http://www.w3.org/TR/xhtml1/DTD/xhtml1-transitional.dtd">
<html xmlns="http://www.w3.org/1999/xhtml" xml:lang="en" lang="en">
 <head>
  <title>
</title>
<meta http-equiv="Content-Type" content="text/html;charset=utf-8" />
  <meta name='ocr-system' content='tesseract 3.04.00' />
  <meta name='ocr-capabilities' content='ocr_page ocr_carea ocr_par ocr_line ocrx_word'/>
</head>
<body>
  <div class='ocr_page' id='page_1' title='image "./demusicisgraeco01reisgoog_0058.png"; bbox 0 0 3604 5356; ppageno 0'>
   <div class='ocr_carea' id='block_1_1' title="bbox 334 479 378 542">
    <p class='ocr_par' dir='ltr' id='par_1_1' title="bbox 334 479 378 542">
     <span class='ocr_line' id='line_1_1' title="bbox 334 479 378 542; baseline 0 0"><span class='ocrx_word' id='word_1_1' title='bbox 334 479 378 542; x_wconf 83' lang='lat'>50</span> 
     </span>
    </p>
   </div>
   <div class='ocr_carea' id='block_1_2' title="bbox 332 668 1571 1173">
    <p class='ocr_par' dir='ltr' id='par_1_2' title="bbox 332 668 1571 1173">
     <span class='ocr_line' id='line_1_2' title="bbox 333 668 1570 763; baseline 0.008 -27"><span class='ocrx_word' id='word_1_2' title='bbox 333 669 491 736; x_wconf 90' lang='lat' dir='ltr'>nonlicet</span> <span class='ocrx_word' id='word_1_3' title='bbox 514 668 652 735; x_wconf 80' lang='lat' dir='ltr'>conicere</span> <span class='ocrx_word' id='word_1_4' title='bbox 674 669 740 735; x_wconf 90' lang='lat' dir='ltr'>illis</span> <span class='ocrx_word' id='word_1_5' title='bbox 765 672 841 736; x_wconf 89' lang='lat' dir='ltr'>locis</span> <span class='ocrx_word' id='word_1_6' title='bbox 864 673 983 738; x_wconf 83' lang='lat' dir='ltr'>civinm</span> <span class='ocrx_word' id='word_1_7' title='bbox 1006 674 1115 740; x_wconf 90' lang='lat' dir='ltr'>choros</span> <span class='ocrx_word' id='word_1_8' title='bbox 1139 675 1236 742; x_wconf 90' lang='lat' dir='ltr'>etiam</span> <span class='ocrx_word' id='word_1_9' title='bbox 1251 677 1337 743; x_wconf 89' lang='lat' dir='ltr'>inter</span> <span class='ocrx_word' id='word_1_10' title='bbox 1358 698 1391 744; x_wconf 91' lang='lat' dir='ltr'>se</span> <span class='ocrx_word' id='word_1_11' title='bbox 1419 683 1457 745; x_wconf 93' lang='lat' dir='ltr'>de</span> <span class='ocrx_word' id='word_1_12' title='bbox 1479 699 1570 763; x_wconf 87' lang='lat' dir='ltr'>prae·</span> 
     </span>
     <span class='ocr_line' id='line_1_3' title="bbox 333 772 1571 865; baseline 0.008 -25"><span class='ocrx_word' id='word_1_13' title='bbox 333 775 404 841; x_wconf 81' lang='lat' dir='ltr'>mite</span> <span class='ocrx_word' id='word_1_14' title='bbox 428 776 572 840; x_wconf 76' lang='lat' dir='ltr'><strong>certasse.</strong></span> <span class='ocrx_word' id='word_1_15' title='bbox 606 772 660 855; x_wconf 92' lang='lat' dir='ltr'>qui</span> <span class='ocrx_word' id='word_1_16' title='bbox 682 791 766 857; x_wconf 90' lang='lat' dir='ltr'>mos,</span> <span class='ocrx_word' id='word_1_17' title='bbox 801 776 968 858; x_wconf 75' lang='lat' dir='ltr'><strong>postquam</strong></span> <span class='ocrx_word' id='word_1_18' title='bbox 990 775 1055 843; x_wconf 90' lang='lat' dir='ltr'>iam</span> <span class='ocrx_word' id='word_1_19' title='bbox 1080 782 1175 844; x_wconf 91' lang='lat' dir='ltr'>antea</span> <span class='ocrx_word' id='word_1_20' title='bbox 1197 778 1325 863; x_wconf 87' lang='lat' dir='ltr'>Spartae</span> <span class='ocrx_word' id='word_1_21' title='bbox 1347 783 1381 847; x_wconf 85' lang='lat' dir='ltr'>In</span> <span class='ocrx_word' id='word_1_22' title='bbox 1403 783 1514 865; x_wconf 85' lang='lat' dir='ltr'>prImIs</span> <span class='ocrx_word' id='word_1_23' title='bbox 1538 787 1571 850; x_wconf 91' lang='lat' dir='ltr'>et</span> 
     </span>
     <span class='ocr_line' id='line_1_4' title="bbox 332 875 1569 963; baseline 0.002 -14"><span class='ocrx_word' id='word_1_24' title='bbox 332 884 403 949; x_wconf 83' lang='lat' dir='ltr'>Deli</span> <span class='ocrx_word' id='word_1_25' title='bbox 440 879 578 946; x_wconf 89' lang='lat' dir='ltr'>carmina</span> <span class='ocrx_word' id='word_1_26' title='bbox 607 875 641 940; x_wconf 93' lang='lat' dir='ltr'>in</span> <span class='ocrx_word' id='word_1_27' title='bbox 664 876 794 944; x_wconf 88' lang='lat' dir='ltr'>deorum</span> <span class='ocrx_word' id='word_1_28' title='bbox 816 877 967 945; x_wconf 87' lang='lat' dir='ltr'>honorem</span> <span class='ocrx_word' id='word_1_29' title='bbox 989 899 1009 944; x_wconf 90' lang='lat' dir='ltr'>a</span> <span class='ocrx_word' id='word_1_30' title='bbox 1030 880 1131 947; x_wconf 90' lang='lat' dir='ltr'>choris</span> <span class='ocrx_word' id='word_1_31' title='bbox 1154 885 1283 948; x_wconf 88' lang='lat' dir='ltr'>cantata</span> <span class='ocrx_word' id='word_1_32' title='bbox 1308 887 1400 963; x_wconf 89' lang='lat' dir='ltr'>sunt,</span> <span class='ocrx_word' id='word_1_33' title='bbox 1435 886 1569 952; x_wconf 90' lang='lat' dir='ltr'>Athenis</span> 
     </span>
     <span class='ocr_line' id='line_1_5' title="bbox 333 979 1570 1073; baseline -0.001 -18"><span class='ocrx_word' id='word_1_34' title='bbox 333 987 497 1073; x_wconf 72' lang='lat' dir='ltr'>praecipue</span> <span class='ocrx_word' id='word_1_35' title='bbox 519 979 662 1047; x_wconf 86' lang='lat' dir='ltr'>excultus</span> <span class='ocrx_word' id='word_1_36' title='bbox 685 997 751 1044; x_wconf 87' lang='lat' dir='ltr'>esse</span> <span class='ocrx_word' id='word_1_37' title='bbox 773 979 899 1045; x_wconf 87' lang='lat' dir='ltr'>videtur</span> <span class='ocrx_word' id='word_1_38' title='bbox 922 987 954 1047; x_wconf 91' lang='lat' dir='ltr'>et</span> <span class='ocrx_word' id='word_1_39' title='bbox 976 983 1049 1049; x_wconf 92' lang='lat' dir='ltr'>inde</span> <span class='ocrx_word' id='word_1_40' title='bbox 1066 986 1236 1066; x_wconf 89' lang='lat' dir='ltr'>posteriore</span> <span class='ocrx_word' id='word_1_41' title='bbox 1258 987 1388 1052; x_wconf 90' lang='lat' dir='ltr'>demum</span> <span class='ocrx_word' id='word_1_42' title='bbox 1411 990 1514 1054; x_wconf 87' lang='lat' dir='ltr'>aetate</span> <span class='ocrx_word' id='word_1_43' title='bbox 1535 990 1570 1054; x_wconf 88' lang='lat' dir='ltr'>ia</span> 
     </span>
     <span class='ocr_line' id='line_1_6' title="bbox 332 1082 1569 1173; baseline -0.002 -13"><span class='ocrx_word' id='word_1_44' title='bbox 332 1095 452 1160; x_wconf 87' lang='lat' dir='ltr'>ceteras</span> <span class='ocrx_word' id='word_1_45' title='bbox 482 1103 603 1169; x_wconf 89' lang='lat' dir='ltr'>quoque</span> <span class='ocrx_word' id='word_1_46' title='bbox 629 1085 722 1148; x_wconf 86' lang='lat' dir='ltr'>urbes</span> <span class='ocrx_word' id='word_1_47' title='bbox 737 1082 870 1150; x_wconf 77' lang='lat' dir='ltr'>diffusum</span> <span class='ocrx_word' id='word_1_48' title='bbox 897 1087 945 1150; x_wconf 91' lang='lat' dir='ltr'>est</span> <span class='ocrx_word' id='word_1_49' title='bbox 955 1085 987 1169; x_wconf 91' lang='lat'>¹).</span> <span class='ocrx_word' id='word_1_50' title='bbox 1021 1107 1130 1153; x_wconf 89' lang='lat' dir='ltr'>verum</span> <span class='ocrx_word' id='word_1_51' title='bbox 1157 1089 1355 1173; x_wconf 87' lang='lat' dir='ltr'>singulorum</span> <span class='ocrx_word' id='word_1_52' title='bbox 1378 1094 1569 1158; x_wconf 88' lang='lat' dir='ltr'>musicorum</span> 
     </span>
    </p>
   </div>
   <div class='ocr_carea' id='block_1_3' title="bbox 330 1186 1570 3036">
    <p class='ocr_par' dir='ltr' id='par_1_3' title="bbox 330 1186 1570 3036">
     <span class='ocr_line' id='line_1_7' title="bbox 332 1186 1569 1282; baseline -0.001 -21"><span class='ocrx_word' id='word_1_53' title='bbox 332 1212 459 1282; x_wconf 84' lang='lat' dir='ltr'>agonas,</span> <span class='ocrx_word' id='word_1_54' title='bbox 489 1191 605 1272; x_wconf 92' lang='lat' dir='ltr'>quippe</span> <span class='ocrx_word' id='word_1_55' title='bbox 628 1187 683 1269; x_wconf 91' lang='lat' dir='ltr'>qui</span> <span class='ocrx_word' id='word_1_56' title='bbox 704 1186 808 1252; x_wconf 88' lang='lat' dir='ltr'>multo</span> <span class='ocrx_word' id='word_1_57' title='bbox 824 1188 949 1255; x_wconf 86' lang='lat' dir='ltr'>facilius</span> <span class='ocrx_word' id='word_1_58' title='bbox 970 1196 1098 1273; x_wconf 84' lang='lat' dir='ltr'>possent</span> <span class='ocrx_word' id='word_1_59' title='bbox 1122 1190 1283 1277; x_wconf 87' lang='lat' dir='ltr'>celebrari,</span> <span class='ocrx_word' id='word_1_60' title='bbox 1305 1197 1470 1277; x_wconf 87' lang='lat' dir='ltr'>permultis</span> <span class='ocrx_word' id='word_1_61' title='bbox 1492 1196 1569 1262; x_wconf 92' lang='lat' dir='ltr'>locis</span> 
     </span>
     <span class='ocr_line' id='line_1_8' title="bbox 332 1291 1569 1381; baseline -0.002 -15"><span class='ocrx_word' id='word_1_62' title='bbox 332 1301 418 1366; x_wconf 90' lang='lat' dir='ltr'>actos</span> <span class='ocrx_word' id='word_1_63' title='bbox 442 1313 510 1360; x_wconf 88' lang='lat' dir='ltr'>esse</span> <span class='ocrx_word' id='word_1_64' title='bbox 531 1291 683 1358; x_wconf 85' lang='lat' dir='ltr'>ridemus.</span> <span class='ocrx_word' id='word_1_65' title='bbox 706 1291 847 1356; x_wconf 88' lang='lat' dir='ltr'>solebant</span> <span class='ocrx_word' id='word_1_66' title='bbox 867 1292 953 1357; x_wconf 90' lang='lat' dir='ltr'>enim</span> <span class='ocrx_word' id='word_1_67' title='bbox 971 1295 1114 1360; x_wconf 89' lang='lat' dir='ltr'>omnibus</span> <span class='ocrx_word' id='word_1_68' title='bbox 1130 1297 1322 1379; x_wconf 83' lang='lat' dir='ltr'>temporibus</span> <span class='ocrx_word' id='word_1_69' title='bbox 1337 1298 1491 1379; x_wconf 87' lang='lat' dir='ltr'>homines,</span> <span class='ocrx_word' id='word_1_70' title='bbox 1515 1299 1569 1381; x_wconf 93' lang='lat' dir='ltr'>qui</span> 
     </span>
     <span class='ocr_line' id='line_1_9' title="bbox 332 1393 1569 1494; baseline -0.002 -26"><span class='ocrx_word' id='word_1_71' title='bbox 332 1403 450 1494; x_wconf 82' lang='lat' dir='ltr'>artium</span> <span class='ocrx_word' id='word_1_72' title='bbox 472 1398 665 1464; x_wconf 89' lang='lat' dir='ltr'>musicarum</span> <span class='ocrx_word' id='word_1_73' title='bbox 688 1393 779 1460; x_wconf 89' lang='lat' dir='ltr'>laude</span> <span class='ocrx_word' id='word_1_74' title='bbox 802 1393 970 1474; x_wconf 85' lang='lat' dir='ltr'>florebant,</span> <span class='ocrx_word' id='word_1_75' title='bbox 1004 1397 1145 1481; x_wconf 86' lang='lat' dir='ltr'>singulas</span> <span class='ocrx_word' id='word_1_76' title='bbox 1166 1398 1317 1466; x_wconf 83' lang='lat' dir='ltr'>Graeciae</span> <span class='ocrx_word' id='word_1_77' title='bbox 1339 1405 1438 1468; x_wconf 86' lang='lat' dir='ltr'>terras</span> <span class='ocrx_word' id='word_1_78' title='bbox 1462 1421 1569 1486; x_wconf 86' lang='lat' dir='ltr'>perra-</span> 
     </span>
     <span class='ocr_line' id='line_1_10' title="bbox 331 1499 1569 1591; baseline -0.001 -20"><span class='ocrx_word' id='word_1_79' title='bbox 331 1507 410 1591; x_wconf 78' lang='lat' dir='ltr'>gari,</span> <span class='ocrx_word' id='word_1_80' title='bbox 434 1502 588 1569; x_wconf 84' lang='lat' dir='ltr'>utentem</span> <span class='ocrx_word' id='word_1_81' title='bbox 610 1515 702 1562; x_wconf 88' lang='lat' dir='ltr'>suum</span> <span class='ocrx_word' id='word_1_82' title='bbox 725 1499 928 1564; x_wconf 79' lang='lat' dir='ltr'>ostenderent</span> <span class='ocrx_word' id='word_1_83' title='bbox 951 1502 1007 1566; x_wconf 90' lang='lat' dir='ltr'>aut</span> <span class='ocrx_word' id='word_1_84' title='bbox 1023 1501 1143 1584; x_wconf 90' lang='lat' dir='ltr'>gloriae</span> <span class='ocrx_word' id='word_1_85' title='bbox 1167 1505 1327 1586; x_wconf 88' lang='lat' dir='ltr'>augendae</span> <span class='ocrx_word' id='word_1_86' title='bbox 1351 1507 1407 1570; x_wconf 91' lang='lat' dir='ltr'>aut</span> <span class='ocrx_word' id='word_1_87' title='bbox 1422 1510 1569 1588; x_wconf 85' lang='lat' dir='ltr'>quaestus</span> 
     </span>
     <span class='ocr_line' id='line_1_11' title="bbox 332 1601 1569 1686; baseline -0.002 -11"><span class='ocrx_word' id='word_1_88' title='bbox 332 1607 470 1675; x_wconf 87' lang='lat' dir='ltr'>faciendi</span> <span class='ocrx_word' id='word_1_89' title='bbox 493 1622 593 1670; x_wconf 89' lang='lat' dir='ltr'>causa.</span> <span class='ocrx_word' id='word_1_90' title='bbox 617 1603 717 1667; x_wconf 87' lang='lat' dir='ltr'>veluti</span> <span class='ocrx_word' id='word_1_91' title='bbox 740 1601 935 1685; x_wconf 90' lang='lat' dir='ltr'>temporibus</span> <span class='ocrx_word' id='word_1_92' title='bbox 958 1605 1189 1686; x_wconf 84' lang='lat' dir='ltr'>antiquioribus</span> <span class='ocrx_word' id='word_1_93' title='bbox 1206 1607 1370 1674; x_wconf 80' lang='lat' dir='ltr'>Anacreon</span> <span class='ocrx_word' id='word_1_94' title='bbox 1394 1607 1569 1674; x_wconf 87' lang='lat' dir='ltr'>Simonides</span> 
     </span>
     <span class='ocr_line' id='line_1_12' title="bbox 331 1705 1570 1796; baseline -0.002 -18"><span class='ocrx_word' id='word_1_95' title='bbox 331 1711 501 1785; x_wconf 84' lang='lat' dir='ltr'>Pindarus,</span> <span class='ocrx_word' id='word_1_96' title='bbox 537 1706 709 1791; x_wconf 89' lang='lat' dir='ltr'>posteriore</span> <span class='ocrx_word' id='word_1_97' title='bbox 750 1708 854 1769; x_wconf 90' lang='lat' dir='ltr'>aetate</span> <span class='ocrx_word' id='word_1_98' title='bbox 893 1705 1075 1772; x_wconf 85' lang='lat' dir='ltr'>Timotheus</span> <span class='ocrx_word' id='word_1_99' title='bbox 1115 1709 1344 1796; x_wconf 89' lang='lat' dir='ltr'>Melanippides</span> <span class='ocrx_word' id='word_1_100' title='bbox 1381 1711 1570 1777; x_wconf 85' lang='lat' dir='ltr'>Philoxenus</span> 
     </span>
     <span class='ocr_line' id='line_1_13' title="bbox 333 1807 1570 1899; baseline -0.004 -17"><span class='ocrx_word' id='word_1_101' title='bbox 333 1815 442 1882; x_wconf 90' lang='lat' dir='ltr'>multis</span> <span class='ocrx_word' id='word_1_102' title='bbox 472 1811 665 1892; x_wconf 82' lang='lat' dir='ltr'>diversisque</span> <span class='ocrx_word' id='word_1_103' title='bbox 698 1807 774 1873; x_wconf 92' lang='lat' dir='ltr'>locis</span> <span class='ocrx_word' id='word_1_104' title='bbox 808 1808 927 1871; x_wconf 87' lang='lat' dir='ltr'>versati</span> <span class='ocrx_word' id='word_1_105' title='bbox 952 1814 1035 1876; x_wconf 91' lang='lat' dir='ltr'>sunt.</span> <span class='ocrx_word' id='word_1_106' title='bbox 1074 1814 1168 1894; x_wconf 89' lang='lat' dir='ltr'>atque</span> <span class='ocrx_word' id='word_1_107' title='bbox 1203 1814 1251 1880; x_wconf 90' lang='lat' dir='ltr'>ita</span> <span class='ocrx_word' id='word_1_108' title='bbox 1279 1813 1479 1899; x_wconf 81' lang='lat' dir='ltr'>Timotheus,</span> <span class='ocrx_word' id='word_1_109' title='bbox 1515 1813 1570 1896; x_wconf 94' lang='lat' dir='ltr'>qui</span> 
     </span>
     <span class='ocr_line' id='line_1_14' title="bbox 332 1909 1569 2000; baseline -0.001 -15"><span class='ocrx_word' id='word_1_110' title='bbox 332 1920 435 1986; x_wconf 86' lang='lat' dir='ltr'>Mileti</span> <span class='ocrx_word' id='word_1_111' title='bbox 457 1919 551 1982; x_wconf 88' lang='lat' dir='ltr'>natus</span> <span class='ocrx_word' id='word_1_112' title='bbox 574 1917 661 1988; x_wconf 89' lang='lat' dir='ltr'>erat,</span> <span class='ocrx_word' id='word_1_113' title='bbox 696 1909 831 1976; x_wconf 89' lang='lat' dir='ltr'>Athenis</span> <span class='ocrx_word' id='word_1_114' title='bbox 854 1913 1001 1980; x_wconf 83' lang='lat' dir='ltr'>victorias</span> <span class='ocrx_word' id='word_1_115' title='bbox 1024 1921 1214 2000; x_wconf 80' lang='lat' dir='ltr'>reportasse,</span> <span class='ocrx_word' id='word_1_116' title='bbox 1244 1918 1373 2000; x_wconf 81' lang='lat' dir='ltr'>Spartae</span> <span class='ocrx_word' id='word_1_117' title='bbox 1397 1919 1430 1984; x_wconf 93' lang='lat' dir='ltr'>in</span> <span class='ocrx_word' id='word_1_118' title='bbox 1454 1935 1569 2000; x_wconf 84' lang='lat' dir='ltr'>agonas</span> 
     </span>
     <span class='ocr_line' id='line_1_15' title="bbox 330 2016 1568 2104; baseline -0.006 -14"><span class='ocrx_word' id='word_1_119' title='bbox 330 2020 542 2094; x_wconf 87' lang='lat' dir='ltr'>descendisse,</span> <span class='ocrx_word' id='word_1_120' title='bbox 576 2016 692 2098; x_wconf 77' lang='lat' dir='ltr'>Ephesi</span> <span class='ocrx_word' id='word_1_121' title='bbox 725 2017 840 2098; x_wconf 80' lang='lat' dir='ltr'>hymno</span> <span class='ocrx_word' id='word_1_122' title='bbox 874 2017 907 2080; x_wconf 94' lang='lat' dir='ltr'>in</span> <span class='ocrx_word' id='word_1_123' title='bbox 937 2018 1069 2084; x_wconf 84' lang='lat' dir='ltr'>Dianam</span> <span class='ocrx_word' id='word_1_124' title='bbox 1100 2023 1272 2102; x_wconf 90' lang='lat' dir='ltr'>composito</span> <span class='ocrx_word' id='word_1_125' title='bbox 1305 2021 1482 2104; x_wconf 91' lang='lat' dir='ltr'>praemium</span> <span class='ocrx_word' id='word_1_126' title='bbox 1509 2020 1568 2084; x_wconf 90' lang='lat' dir='ltr'>sihi</span> 
     </span>
     <span class='ocr_line' id='line_1_16' title="bbox 331 2118 1569 2208; baseline -0.002 -18"><span class='ocrx_word' id='word_1_127' title='bbox 331 2123 579 2208; x_wconf 85' lang='lat' dir='ltr'>comparavisse,</span> <span class='ocrx_word' id='word_1_128' title='bbox 608 2118 690 2204; x_wconf 89' lang='lat' dir='ltr'>apud</span> <span class='ocrx_word' id='word_1_129' title='bbox 713 2119 906 2184; x_wconf 81' lang='lat' dir='ltr'>Archelaum</span> <span class='ocrx_word' id='word_1_130' title='bbox 928 2119 1128 2189; x_wconf 85' lang='lat' dir='ltr'>Macedoniae</span> <span class='ocrx_word' id='word_1_131' title='bbox 1150 2143 1255 2208; x_wconf 89' lang='lat' dir='ltr'>regem</span> <span class='ocrx_word' id='word_1_132' title='bbox 1284 2128 1427 2190; x_wconf 89' lang='lat' dir='ltr'>versatus</span> <span class='ocrx_word' id='word_1_133' title='bbox 1463 2124 1569 2206; x_wconf 93' lang='lat' dir='ltr'>ibique</span> 
     </span>
     <span class='ocr_line' id='line_1_17' title="bbox 332 2223 1570 2309; baseline -0.003 -14"><span class='ocrx_word' id='word_1_134' title='bbox 332 2229 475 2295; x_wconf 89' lang='lat' dir='ltr'>mortuus</span> <span class='ocrx_word' id='word_1_135' title='bbox 512 2243 578 2290; x_wconf 88' lang='lat' dir='ltr'>esse</span> <span class='ocrx_word' id='word_1_136' title='bbox 604 2223 751 2289; x_wconf 90' lang='lat' dir='ltr'>traditur.</span> <span class='ocrx_word' id='word_1_137' title='bbox 793 2223 871 2288; x_wconf 92' lang='lat' dir='ltr'>item</span> <span class='ocrx_word' id='word_1_138' title='bbox 902 2228 1026 2292; x_wconf 89' lang='lat' dir='ltr'>saeculo</span> <span class='ocrx_word' id='word_1_139' title='bbox 1053 2227 1164 2309; x_wconf 91' lang='lat' dir='ltr'>quinto</span> <span class='ocrx_word' id='word_1_140' title='bbox 1193 2232 1325 2295; x_wconf 83' lang='lat' dir='ltr'>exeunte</span> <span class='ocrx_word' id='word_1_141' title='bbox 1355 2227 1570 2292; x_wconf 82' lang='lat' dir='ltr'>Execestidam</span> 
     </span>
     <span class='ocr_line' id='line_1_18' title="bbox 331 2326 1569 2416; baseline -0.003 -18"><span class='ocrx_word' id='word_1_142' title='bbox 331 2331 485 2416; x_wconf 89' lang='lat' dir='ltr'>quendam</span> <span class='ocrx_word' id='word_1_143' title='bbox 509 2329 725 2394; x_wconf 87' lang='lat' dir='ltr'>citharoedum</span> <span class='ocrx_word' id='word_1_144' title='bbox 741 2327 870 2410; x_wconf 91' lang='lat' dir='ltr'>Delphis</span> <span class='ocrx_word' id='word_1_145' title='bbox 889 2326 1024 2393; x_wconf 83' lang='lat' dir='ltr'>Athenis</span> <span class='ocrx_word' id='word_1_146' title='bbox 1040 2330 1171 2414; x_wconf 84' lang='lat' dir='ltr'>Spartae</span> <span class='ocrx_word' id='word_1_147' title='bbox 1194 2332 1227 2396; x_wconf 93' lang='lat' dir='ltr'>in</span> <span class='ocrx_word' id='word_1_148' title='bbox 1255 2332 1442 2415; x_wconf 82' lang='lat' dir='ltr'>Pythiorum</span> <span class='ocrx_word' id='word_1_149' title='bbox 1467 2333 1569 2396; x_wconf 91' lang='lat' dir='ltr'>Pana-</span> 
     </span>
     <span class='ocr_line' id='line_1_19' title="bbox 331 2431 1568 2516; baseline -0.005 -14"><span class='ocrx_word' id='word_1_150' title='bbox 331 2439 534 2502; x_wconf 90' lang='lat' dir='ltr'>thenaeorum</span> <span class='ocrx_word' id='word_1_151' title='bbox 567 2431 756 2497; x_wconf 82' lang='lat' dir='ltr'>Carneorum</span> <span class='ocrx_word' id='word_1_152' title='bbox 786 2433 993 2500; x_wconf 87' lang='lat' dir='ltr'>sollemnibus</span> <span class='ocrx_word' id='word_1_153' title='bbox 1027 2435 1139 2500; x_wconf 84' lang='lat' dir='ltr'>uicisse</span> <span class='ocrx_word' id='word_1_154' title='bbox 1183 2436 1300 2500; x_wconf 88' lang='lat' dir='ltr'>scimus</span> <span class='ocrx_word' id='word_1_155' title='bbox 1334 2435 1445 2516; x_wconf 87' lang='lat' dir='ltr'>(schol.</span> <span class='ocrx_word' id='word_1_156' title='bbox 1468 2433 1568 2499; x_wconf 91' lang='lat' dir='ltr'>Arist.</span> 
     </span>
     <span class='ocr_line' id='line_1_20' title="bbox 331 2536 1567 2624; baseline -0.006 -16"><span class='ocrx_word' id='word_1_157' title='bbox 331 2544 392 2608; x_wconf 84' lang='grc' dir='ltr'>Αν.</span> <span class='ocrx_word' id='word_1_158' title='bbox 406 2538 470 2618; x_wconf 85' lang='grc'>11).</span> <span class='ocrx_word' id='word_1_159' title='bbox 493 2537 624 2620; x_wconf 90' lang='lat' dir='ltr'>denique</span> <span class='ocrx_word' id='word_1_160' title='bbox 647 2540 722 2618; x_wconf 92' lang='lat' dir='ltr'>quot</span> <span class='ocrx_word' id='word_1_161' title='bbox 746 2536 823 2604; x_wconf 90' lang='lat' dir='ltr'>locis</span> <span class='ocrx_word' id='word_1_162' title='bbox 847 2539 962 2604; x_wconf 90' lang='lat' dir='ltr'>saeculi</span> <span class='ocrx_word' id='word_1_163' title='bbox 979 2539 1083 2620; x_wconf 88' lang='lat' dir='ltr'>quarti</span> <span class='ocrx_word' id='word_1_164' title='bbox 1105 2543 1194 2622; x_wconf 85' lang='lat' dir='ltr'>parte</span> <span class='ocrx_word' id='word_1_165' title='bbox 1209 2540 1311 2624; x_wconf 91' lang='lat' dir='ltr'>priore</span> <span class='ocrx_word' id='word_1_166' title='bbox 1333 2538 1567 2604; x_wconf 88' lang='lat' dir='ltr'>commissiones</span> 
     </span>
     <span class='ocr_line' id='line_1_21' title="bbox 331 2639 1567 2727; baseline -0.006 -16"><span class='ocrx_word' id='word_1_167' title='bbox 331 2643 472 2711; x_wconf 89' lang='lat' dir='ltr'>musicae</span> <span class='ocrx_word' id='word_1_168' title='bbox 499 2641 625 2707; x_wconf 87' lang='lat' dir='ltr'>habites</span> <span class='ocrx_word' id='word_1_169' title='bbox 654 2643 733 2721; x_wconf 91' lang='lat' dir='ltr'>sint,</span> <span class='ocrx_word' id='word_1_170' title='bbox 758 2642 926 2709; x_wconf 79' lang='lat' dir='ltr'>Scatonici</span> <span class='ocrx_word' id='word_1_171' title='bbox 950 2641 1129 2708; x_wconf 88' lang='lat' dir='ltr'>citharistae</span> <span class='ocrx_word' id='word_1_172' title='bbox 1139 2641 1165 2727; x_wconf 72' lang='lat'>⁹)</span> <span class='ocrx_word' id='word_1_173' title='bbox 1190 2643 1329 2724; x_wconf 86' lang='lat' dir='ltr'>exemplo</span> <span class='ocrx_word' id='word_1_174' title='bbox 1359 2639 1567 2708; x_wconf 86' lang='lat' dir='ltr'>demonstrari</span> 
     </span>
     <span class='ocr_line' id='line_1_22' title="bbox 331 2742 1568 2830; baseline -0.002 -18"><span class='ocrx_word' id='word_1_175' title='bbox 331 2747 444 2830; x_wconf 88' lang='lat' dir='ltr'>potest,</span> <span class='ocrx_word' id='word_1_176' title='bbox 468 2763 561 2827; x_wconf 89' lang='lat' dir='ltr'>quem</span> <span class='ocrx_word' id='word_1_177' title='bbox 584 2742 726 2809; x_wconf 77' lang='lat' dir='ltr'>Corinthi</span> <span class='ocrx_word' id='word_1_178' title='bbox 748 2744 877 2829; x_wconf 83' lang='lat' dir='ltr'>Sicyone</span> <span class='ocrx_word' id='word_1_179' title='bbox 911 2746 1015 2810; x_wconf 89' lang='lat' dir='ltr'>Pellae</span> <span class='ocrx_word' id='word_1_180' title='bbox 1038 2746 1182 2812; x_wconf 89' lang='lat' dir='ltr'>Abderae</span> <span class='ocrx_word' id='word_1_181' title='bbox 1217 2745 1322 2812; x_wconf 90' lang='lat' dir='ltr'>Mileti</span> <span class='ocrx_word' id='word_1_182' title='bbox 1357 2745 1472 2827; x_wconf 81' lang='lat' dir='ltr'>Ephesi</span> <span class='ocrx_word' id='word_1_183' title='bbox 1494 2744 1568 2827; x_wconf 81' lang='lat' dir='ltr'>My-</span> 
     </span>
     <span class='ocr_line' id='line_1_23' title="bbox 331 2845 1566 2931; baseline -0.007 -13"><span class='ocrx_word' id='word_1_184' title='bbox 331 2851 414 2918; x_wconf 87' lang='lat' dir='ltr'>lasae</span> <span class='ocrx_word' id='word_1_185' title='bbox 451 2845 545 2931; x_wconf 76' lang='lat' dir='ltr'>Cypri</span> <span class='ocrx_word' id='word_1_186' title='bbox 584 2845 686 2911; x_wconf 86' lang='lat' dir='ltr'>Rhodi</span> <span class='ocrx_word' id='word_1_187' title='bbox 718 2848 890 2931; x_wconf 89' lang='lat' dir='ltr'>multisque</span> <span class='ocrx_word' id='word_1_188' title='bbox 924 2849 994 2913; x_wconf 82' lang='lat' dir='ltr'>alite</span> <span class='ocrx_word' id='word_1_189' title='bbox 1028 2850 1103 2914; x_wconf 83' lang='lat' dir='ltr'>locIs</span> <span class='ocrx_word' id='word_1_190' title='bbox 1139 2853 1299 2915; x_wconf 84' lang='lat' dir='ltr'>versatum</span> <span class='ocrx_word' id='word_1_191' title='bbox 1333 2867 1399 2913; x_wconf 89' lang='lat' dir='ltr'>esse</span> <span class='ocrx_word' id='word_1_192' title='bbox 1437 2866 1474 2913; x_wconf 87' lang='lat' dir='ltr'>ex</span> <span class='ocrx_word' id='word_1_193' title='bbox 1511 2845 1566 2929; x_wconf 91' lang='lat' dir='ltr'>eis,</span> 
     </span>
     <span class='ocr_line' id='line_1_24' title="bbox 331 2950 1305 3036; baseline -0.006 -16"><span class='ocrx_word' id='word_1_194' title='bbox 331 2971 411 3036; x_wconf 87' lang='lat' dir='ltr'>quae</span> <span class='ocrx_word' id='word_1_195' title='bbox 434 2951 616 3016; x_wconf 90' lang='lat' dir='ltr'>Athenaeus</span> <span class='ocrx_word' id='word_1_196' title='bbox 641 2950 720 3015; x_wconf 88' lang='lat' dir='ltr'>VIII</span> <span class='ocrx_word' id='word_1_197' title='bbox 743 2951 806 3016; x_wconf 80' lang='lat'>348</span> <span class='ocrx_word' id='word_1_198' title='bbox 823 2971 869 3036; x_wconf 88' lang='lat' dir='ltr'>sq.</span> <span class='ocrx_word' id='word_1_199' title='bbox 894 2952 1062 3035; x_wconf 82' lang='lat' dir='ltr'>congessit,</span> <span class='ocrx_word' id='word_1_200' title='bbox 1086 2955 1305 3035; x_wconf 82' lang='lat' dir='ltr'>comperImus.</span> 
     </span>
    </p>
   </div>
   <div class='ocr_carea' id='block_1_4' title="bbox 329 3230 1566 3644">
    <p class='ocr_par' dir='ltr' id='par_1_4' title="bbox 329 3230 1566 3644">
     <span class='ocr_line' id='line_1_25' title="bbox 434 3230 1566 3299; baseline -0.001 -16"><span class='ocrx_word' id='word_1_201' title='bbox 434 3236 455 3297; x_wconf 85' lang='lat'>¹)</span> <span class='ocrx_word' id='word_1_202' title='bbox 477 3231 588 3285; x_wconf 89' lang='lat' dir='ltr'>Probari</span> <span class='ocrx_word' id='word_1_203' title='bbox 612 3236 762 3299; x_wconf 88' lang='lat' dir='ltr'>nequeunt,</span> <span class='ocrx_word' id='word_1_204' title='bbox 790 3246 858 3299; x_wconf 88' lang='lat' dir='ltr'>quae</span> <span class='ocrx_word' id='word_1_205' title='bbox 882 3233 911 3286; x_wconf 89' lang='lat' dir='ltr'>L.</span> <span class='ocrx_word' id='word_1_206' title='bbox 931 3232 1055 3285; x_wconf 88' lang='lat' dir='ltr'>Schmidt</span> <span class='ocrx_word' id='word_1_207' title='bbox 1079 3231 1206 3299; x_wconf 86' lang='lat' dir='ltr'>(Pindars</span> <span class='ocrx_word' id='word_1_208' title='bbox 1231 3231 1322 3286; x_wconf 85' lang='lat' dir='ltr'>Leben</span> <span class='ocrx_word' id='word_1_209' title='bbox 1345 3230 1399 3283; x_wconf 94' lang='lat' dir='ltr'>und</span> <span class='ocrx_word' id='word_1_210' title='bbox 1425 3230 1566 3298; x_wconf 89' lang='lat' dir='ltr'>Dichtung</span> 
     </span>
     <span class='ocr_line' id='line_1_26' title="bbox 330 3313 1566 3388; baseline -0.003 -18"><span class='ocrx_word' id='word_1_211' title='bbox 330 3336 356 3388; x_wconf 91' lang='lat' dir='ltr'>p.</span> <span class='ocrx_word' id='word_1_212' title='bbox 377 3321 435 3370; x_wconf 79' lang='grc'>169.</span> <span class='ocrx_word' id='word_1_213' title='bbox 459 3321 514 3368; x_wconf 80' lang='lat'>177.</span> <span class='ocrx_word' id='word_1_214' title='bbox 535 3321 594 3371; x_wconf 75' lang='lat'>24⁷.</span> <span class='ocrx_word' id='word_1_215' title='bbox 614 3319 685 3384; x_wconf 80' lang='lat'>256.)</span> <span class='ocrx_word' id='word_1_216' title='bbox 707 3318 736 3369; x_wconf 89' lang='lat' dir='ltr'>iu</span> <span class='ocrx_word' id='word_1_217' title='bbox 755 3318 867 3370; x_wconf 84' lang='lat' dir='ltr'>PIndari</span> <span class='ocrx_word' id='word_1_218' title='bbox 885 3319 1007 3386; x_wconf 89' lang='lat' dir='ltr'>epiniciis</span> <span class='ocrx_word' id='word_1_219' title='bbox 1025 3317 1057 3371; x_wconf 92' lang='lat' dir='ltr'>de</span> <span class='ocrx_word' id='word_1_220' title='bbox 1075 3317 1265 3372; x_wconf 89' lang='lat' dir='ltr'>certaminibus</span> <span class='ocrx_word' id='word_1_221' title='bbox 1284 3315 1319 3371; x_wconf 88' lang='lat' dir='ltr'>ad</span> <span class='ocrx_word' id='word_1_222' title='bbox 1335 3317 1461 3370; x_wconf 89' lang='lat' dir='ltr'>victorias</span> <span class='ocrx_word' id='word_1_223' title='bbox 1479 3313 1566 3367; x_wconf 91' lang='lat' dir='ltr'>athle-</span> 
     </span>
     <span class='ocr_line' id='line_1_27' title="bbox 330 3400 1566 3473; baseline -0.003 -15"><span class='ocrx_word' id='word_1_224' title='bbox 330 3409 422 3458; x_wconf 87' lang='lat' dir='ltr'>tarum</span> <span class='ocrx_word' id='word_1_225' title='bbox 439 3403 611 3456; x_wconf 88' lang='lat' dir='ltr'>calebrandas</span> <span class='ocrx_word' id='word_1_226' title='bbox 629 3403 768 3455; x_wconf 90' lang='lat' dir='ltr'>institutis</span> <span class='ocrx_word' id='word_1_227' title='bbox 787 3403 839 3455; x_wconf 91' lang='lat' dir='ltr'>sibi</span> <span class='ocrx_word' id='word_1_228' title='bbox 859 3403 1000 3471; x_wconf 79' lang='lat' dir='ltr'>Indagasse</span> <span class='ocrx_word' id='word_1_229' title='bbox 1013 3405 1086 3457; x_wconf 90' lang='lat' dir='ltr'>visus</span> <span class='ocrx_word' id='word_1_230' title='bbox 1106 3409 1156 3458; x_wconf 89' lang='lat' dir='ltr'>est.</span> <span class='ocrx_word' id='word_1_231' title='bbox 1175 3420 1261 3473; x_wconf 85' lang='lat' dir='ltr'>neque</span> <span class='ocrx_word' id='word_1_232' title='bbox 1279 3419 1370 3456; x_wconf 83' lang='lat' dir='ltr'>versus</span> <span class='ocrx_word' id='word_1_233' title='bbox 1389 3403 1470 3472; x_wconf 85' lang='lat' dir='ltr'>Pyth.</span> <span class='ocrx_word' id='word_1_234' title='bbox 1481 3400 1566 3456; x_wconf 94' lang='lat' dir='ltr'>VIIII</span> 
     </span>
     <span class='ocr_line' id='line_1_28' title="bbox 329 3487 1564 3559; baseline -0.002 -16"><span class='ocrx_word' id='word_1_235' title='bbox 329 3495 364 3544; x_wconf 83' lang='grc'>89</span> <span class='ocrx_word' id='word_1_236' title='bbox 376 3505 447 3559; x_wconf 81' lang='lat' dir='ltr'>sqq:</span> <span class='ocrx_word' id='word_1_237' title='bbox 466 3488 599 3558; x_wconf 80' lang='grc' dir='ltr'>Χαρίτων</span> <span class='ocrx_word' id='word_1_238' title='bbox 617 3491 792 3548; x_wconf 73' lang='grc' dir='ltr'>κελαδεννᾶν</span> <span class='ocrx_word' id='word_1_239' title='bbox 805 3519 840 3530; x_wconf 92' lang='lat'><em>-</em></span> <span class='ocrx_word' id='word_1_240' title='bbox 851 3491 888 3555; x_wconf 91' lang='grc' dir='ltr'>μή</span> <span class='ocrx_word' id='word_1_241' title='bbox 909 3507 942 3554; x_wconf 91' lang='grc' dir='ltr'>με</span> <span class='ocrx_word' id='word_1_242' title='bbox 960 3489 1035 3543; x_wconf 81' lang='grc' dir='ltr'>λίποι</span> <span class='ocrx_word' id='word_1_243' title='bbox 1053 3492 1181 3558; x_wconf 85' lang='grc' dir='ltr'>καθαρὸν</span> <span class='ocrx_word' id='word_1_244' title='bbox 1200 3491 1321 3557; x_wconf 86' lang='grc' dir='ltr'>φέγγος·</span> <span class='ocrx_word' id='word_1_245' title='bbox 1340 3487 1439 3558; x_wconf 81' lang='grc' dir='ltr'>Αἰγίνᾳ</span> <span class='ocrx_word' id='word_1_246' title='bbox 1457 3505 1490 3542; x_wconf 88' lang='grc' dir='ltr'>τε</span> <span class='ocrx_word' id='word_1_247' title='bbox 1509 3489 1564 3554; x_wconf 89' lang='grc' dir='ltr'>γάρ</span> 
     </span>
     <span class='ocr_line' id='line_1_29' title="bbox 329 3571 1565 3644; baseline -0.002 -15"><span class='ocrx_word' id='word_1_248' title='bbox 329 3606 364 3616; x_wconf 93' lang='grc'>-</span> <span class='ocrx_word' id='word_1_249' title='bbox 381 3578 456 3643; x_wconf 80' lang='grc' dir='ltr'>φαμὶ</span> <span class='ocrx_word' id='word_1_250' title='bbox 471 3575 558 3631; x_wconf 89' lang='grc' dir='ltr'>Νίσου</span> <span class='ocrx_word' id='word_1_251' title='bbox 578 3571 601 3632; x_wconf 84' lang='grc' dir='ltr'>τ’</span> <span class='ocrx_word' id='word_1_252' title='bbox 610 3575 640 3632; x_wconf 81' lang='grc' dir='ltr'>ἐν</span> <span class='ocrx_word' id='word_1_253' title='bbox 653 3577 737 3643; x_wconf 89' lang='grc' dir='ltr'>λόφῳ</span> <span class='ocrx_word' id='word_1_254' title='bbox 757 3578 817 3644; x_wconf 84' lang='grc' dir='ltr'>τρίς</span> <span class='ocrx_word' id='word_1_255' title='bbox 835 3577 869 3641; x_wconf 78' lang='grc' dir='ltr'>δὴ</span> <span class='ocrx_word' id='word_1_256' title='bbox 883 3576 965 3630; x_wconf 85' lang='grc' dir='ltr'>πόλιν</span> <span class='ocrx_word' id='word_1_257' title='bbox 978 3572 1057 3630; x_wconf 88' lang='grc' dir='ltr'>τάνδ’</span> <span class='ocrx_word' id='word_1_258' title='bbox 1067 3577 1205 3632; x_wconf 73' lang='grc' dir='ltr'>εὐκλεΐξαι</span> <span class='ocrx_word' id='word_1_259' title='bbox 1223 3605 1255 3616; x_wconf 91' lang='grc'>-</span> <span class='ocrx_word' id='word_1_260' title='bbox 1274 3577 1391 3642; x_wconf 84' lang='grc' dir='ltr'>σιγαλὸν</span> <span class='ocrx_word' id='word_1_261' title='bbox 1404 3573 1565 3641; x_wconf 84' lang='grc' dir='ltr'>ἀμαχανίαν</span> 
     </span>
    </p>
   </div>
   <div class='ocr_carea' id='block_1_5' title="bbox 332 3661 1671 3732">
    <p class='ocr_par' dir='ltr' id='par_1_5' title="bbox 332 3661 1671 3732">
     <span class='ocr_line' id='line_1_30' title="bbox 332 3661 1671 3732; baseline -0.004 -16"><span class='ocrx_word' id='word_1_262' title='bbox 332 3664 410 3730; x_wconf 83' lang='grc' dir='ltr'>ἔργῳ</span> <span class='ocrx_word' id='word_1_263' title='bbox 430 3664 548 3727; x_wconf 84' lang='grc' dir='ltr'>φυγών·</span> <span class='ocrx_word' id='word_1_264' title='bbox 568 3662 602 3713; x_wconf 87' lang='lat' dir='ltr'>ad</span> <span class='ocrx_word' id='word_1_265' title='bbox 621 3663 746 3714; x_wconf 83' lang='lat' dir='ltr'>victorias</span> <span class='ocrx_word' id='word_1_266' title='bbox 766 3662 884 3729; x_wconf 86' lang='lat' dir='ltr'>Aeginae</span> <span class='ocrx_word' id='word_1_267' title='bbox 903 3665 931 3714; x_wconf 90' lang='lat' dir='ltr'>et</span> <span class='ocrx_word' id='word_1_268' title='bbox 949 3662 1066 3729; x_wconf 87' lang='lat' dir='ltr'>Megaris</span> <span class='ocrx_word' id='word_1_269' title='bbox 1079 3678 1094 3715; x_wconf 89' lang='lat' dir='ltr'>a</span> <span class='ocrx_word' id='word_1_270' title='bbox 1107 3666 1185 3732; x_wconf 85' lang='lat' dir='ltr'>poeta</span> <span class='ocrx_word' id='word_1_271' title='bbox 1204 3665 1353 3731; x_wconf 89' lang='lat' dir='ltr'>reportatas</span> <span class='ocrx_word' id='word_1_272' title='bbox 1371 3661 1471 3714; x_wconf 87' lang='lat' dir='ltr'>referre</span> <span class='ocrx_word' id='word_1_273' title='bbox 1488 3661 1565 3723; x_wconf 80' lang='lat' dir='ltr'>licet3</span> <span class='ocrx_word' id='word_1_274' title='bbox 1667 3688 1671 3693; x_wconf 94' lang='lat'>·</span> 
     </span>
    </p>
   </div>
   <div class='ocr_carea' id='block_1_6' title="bbox 328 3745 1566 4332">
    <p class='ocr_par' dir='ltr' id='par_1_6' title="bbox 328 3745 1566 4332">
     <span class='ocr_line' id='line_1_31' title="bbox 331 3745 1566 3816; baseline -0.002 -17"><span class='ocrx_word' id='word_1_275' title='bbox 331 3750 413 3800; x_wconf 88' lang='lat' dir='ltr'>immo</span> <span class='ocrx_word' id='word_1_276' title='bbox 426 3748 574 3814; x_wconf 85' lang='lat' dir='ltr'>Bergkium</span> <span class='ocrx_word' id='word_1_277' title='bbox 587 3747 700 3801; x_wconf 85' lang='lat' dir='ltr'>PIndari</span> <span class='ocrx_word' id='word_1_278' title='bbox 720 3747 803 3801; x_wconf 81' lang='lat' dir='ltr'>rerba</span> <span class='ocrx_word' id='word_1_279' title='bbox 822 3750 893 3801; x_wconf 88' lang='lat' dir='ltr'>recte</span> <span class='ocrx_word' id='word_1_280' title='bbox 907 3749 1118 3816; x_wconf 88' lang='lat' dir='ltr'>interpretatum</span> <span class='ocrx_word' id='word_1_281' title='bbox 1138 3765 1193 3801; x_wconf 89' lang='lat' dir='ltr'>esse</span> <span class='ocrx_word' id='word_1_282' title='bbox 1211 3752 1285 3816; x_wconf 89' lang='lat' dir='ltr'>puto,</span> <span class='ocrx_word' id='word_1_283' title='bbox 1305 3749 1351 3816; x_wconf 91' lang='lat' dir='ltr'>qui</span> <span class='ocrx_word' id='word_1_284' title='bbox 1370 3747 1490 3800; x_wconf 89' lang='lat' dir='ltr'>carmina</span> <span class='ocrx_word' id='word_1_285' title='bbox 1508 3745 1566 3809; x_wconf 89' lang='lat' dir='ltr'>illa,</span> 
     </span>
     <span class='ocr_line' id='line_1_32' title="bbox 329 3823 1564 3901; baseline -0.002 -15"><span class='ocrx_word' id='word_1_286' title='bbox 329 3832 427 3901; x_wconf 90' lang='lat' dir='ltr'>quibus</span> <span class='ocrx_word' id='word_1_287' title='bbox 446 3823 526 3901; x_wconf 86' lang='lat' dir='ltr'>poeta</span> <span class='ocrx_word' id='word_1_288' title='bbox 539 3849 567 3886; x_wconf 92' lang='lat' dir='ltr'>se</span> <span class='ocrx_word' id='word_1_289' title='bbox 579 3836 621 3887; x_wconf 91' lang='lat' dir='ltr'>ter</span> <span class='ocrx_word' id='word_1_290' title='bbox 632 3834 752 3901; x_wconf 85' lang='lat' dir='ltr'>Aeginae</span> <span class='ocrx_word' id='word_1_291' title='bbox 771 3837 798 3887; x_wconf 89' lang='lat' dir='ltr'>et</span> <span class='ocrx_word' id='word_1_292' title='bbox 812 3833 930 3901; x_wconf 86' lang='lat' dir='ltr'>Megaris</span> <span class='ocrx_word' id='word_1_293' title='bbox 949 3834 1074 3888; x_wconf 89' lang='lat' dir='ltr'>Herculis</span> <span class='ocrx_word' id='word_1_294' title='bbox 1093 3838 1121 3887; x_wconf 92' lang='lat' dir='ltr'>et</span> <span class='ocrx_word' id='word_1_295' title='bbox 1134 3833 1286 3887; x_wconf 86' lang='lat' dir='ltr'>Thebarum</span> <span class='ocrx_word' id='word_1_296' title='bbox 1304 3848 1401 3888; x_wconf 87' lang='lat' dir='ltr'>numen</span> <span class='ocrx_word' id='word_1_297' title='bbox 1413 3832 1564 3886; x_wconf 90' lang='lat' dir='ltr'>illustrasse</span> 
     </span>
     <span class='ocr_line' id='line_1_33' title="bbox 329 3917 1564 3986; baseline -0.001 -16"><span class='ocrx_word' id='word_1_298' title='bbox 329 3917 409 3985; x_wconf 90' lang='lat' dir='ltr'>dicit,</span> <span class='ocrx_word' id='word_1_299' title='bbox 438 3917 554 3985; x_wconf 83' lang='lat' dir='ltr'>epinIcia</span> <span class='ocrx_word' id='word_1_300' title='bbox 578 3917 606 3970; x_wconf 91' lang='lat' dir='ltr'>in</span> <span class='ocrx_word' id='word_1_301' title='bbox 633 3918 754 3972; x_wconf 91' lang='lat' dir='ltr'>homines</span> <span class='ocrx_word' id='word_1_302' title='bbox 772 3919 917 3986; x_wconf 81' lang='lat' dir='ltr'>Aeginetae</span> <span class='ocrx_word' id='word_1_303' title='bbox 942 3922 970 3972; x_wconf 93' lang='lat' dir='ltr'>ct</span> <span class='ocrx_word' id='word_1_304' title='bbox 987 3919 1157 3986; x_wconf 84' lang='lat' dir='ltr'>Megarenses</span> <span class='ocrx_word' id='word_1_305' title='bbox 1180 3917 1328 3985; x_wconf 87' lang='lat' dir='ltr'>composita</span> <span class='ocrx_word' id='word_1_306' title='bbox 1354 3918 1440 3972; x_wconf 80' lang='lat' dir='ltr'>fuisse</span> <span class='ocrx_word' id='word_1_307' title='bbox 1464 3918 1564 3972; x_wconf 88' lang='lat' dir='ltr'>statuit</span> 
     </span>
     <span class='ocr_line' id='line_1_34' title="bbox 330 4001 1565 4074; baseline -0.001 -18"><span class='ocrx_word' id='word_1_308' title='bbox 330 4002 424 4071; x_wconf 65' lang='lat' dir='ltr'>(Pam</span> <span class='ocrx_word' id='word_1_309' title='bbox 445 4002 460 4056; x_wconf 97' lang='lat' dir='ltr'>I</span> <span class='ocrx_word' id='word_1_310' title='bbox 479 4019 505 4071; x_wconf 93' lang='lat' dir='ltr'>p.</span> <span class='ocrx_word' id='word_1_311' title='bbox 527 4005 598 4071; x_wconf 78' lang='lat'>223).</span> <span class='ocrx_word' id='word_1_312' title='bbox 618 4001 650 4056; x_wconf 88' lang='lat' dir='ltr'>de</span> <span class='ocrx_word' id='word_1_313' title='bbox 676 4004 808 4071; x_wconf 85' lang='lat' dir='ltr'>agonibus</span> <span class='ocrx_word' id='word_1_314' title='bbox 827 4007 916 4058; x_wconf 87' lang='lat' dir='ltr'>autem</span> <span class='ocrx_word' id='word_1_315' title='bbox 943 4005 1065 4074; x_wconf 85' lang='lat' dir='ltr'>epiniciIs</span> <span class='ocrx_word' id='word_1_316' title='bbox 1082 4004 1218 4057; x_wconf 89' lang='lat' dir='ltr'>institutis</span> <span class='ocrx_word' id='word_1_317' title='bbox 1237 4018 1368 4071; x_wconf 86' lang='lat' dir='ltr'>nusquam</span> <span class='ocrx_word' id='word_1_318' title='bbox 1386 4005 1473 4058; x_wconf 88' lang='lat' dir='ltr'>ullum</span> <span class='ocrx_word' id='word_1_319' title='bbox 1492 4005 1565 4056; x_wconf 84' lang='lat' dir='ltr'>extat</span> 
     </span>
     <span class='ocr_line' id='line_1_35' title="bbox 328 4089 1562 4160; baseline -0.002 -16"><span class='ocrx_word' id='word_1_320' title='bbox 328 4091 486 4160; x_wconf 83' lang='lat' dir='ltr'>vestigium.</span> <span class='ocrx_word' id='word_1_321' title='bbox 505 4093 574 4144; x_wconf 91' lang='lat' dir='ltr'>certe</span> <span class='ocrx_word' id='word_1_322' title='bbox 592 4090 663 4159; x_wconf 89' lang='lat' dir='ltr'>quod</span> <span class='ocrx_word' id='word_1_323' title='bbox 682 4090 804 4144; x_wconf 89' lang='lat' dir='ltr'>Schmidt</span> <span class='ocrx_word' id='word_1_324' title='bbox 824 4092 971 4146; x_wconf 89' lang='lat' dir='ltr'>Pindarum</span> <span class='ocrx_word' id='word_1_325' title='bbox 989 4108 1032 4145; x_wconf 86' lang='lat' dir='ltr'>vv.</span> <span class='ocrx_word' id='word_1_326' title='bbox 1046 4091 1127 4160; x_wconf 89' lang='lat' dir='ltr'>Pyth.</span> <span class='ocrx_word' id='word_1_327' title='bbox 1138 4091 1153 4145; x_wconf 96' lang='lat' dir='ltr'>I</span> <span class='ocrx_word' id='word_1_328' title='bbox 1166 4095 1276 4154; x_wconf 77' lang='lat'>42-45,</span> <span class='ocrx_word' id='word_1_329' title='bbox 1295 4091 1401 4160; x_wconf 81' lang='lat' dir='ltr'>Olymp.</span> <span class='ocrx_word' id='word_1_330' title='bbox 1420 4089 1562 4144; x_wconf 81' lang='lat' dir='ltr'>lise-88</span> 
     </span>
     <span class='ocr_line' id='line_1_36' title="bbox 328 4176 1563 4246; baseline -0.002 -17"><span class='ocrx_word' id='word_1_331' title='bbox 328 4177 449 4230; x_wconf 87' lang='lat' dir='ltr'>aemulos</span> <span class='ocrx_word' id='word_1_332' title='bbox 468 4179 495 4230; x_wconf 91' lang='lat' dir='ltr'>et</span> <span class='ocrx_word' id='word_1_333' title='bbox 513 4177 614 4230; x_wconf 88' lang='lat' dir='ltr'>iudices</span> <span class='ocrx_word' id='word_1_334' title='bbox 633 4178 809 4232; x_wconf 89' lang='lat' dir='ltr'>certaminum</span> <span class='ocrx_word' id='word_1_335' title='bbox 829 4178 973 4246; x_wconf 84' lang='lat' dir='ltr'>respexisse</span> <span class='ocrx_word' id='word_1_336' title='bbox 991 4180 1081 4245; x_wconf 87' lang='lat' dir='ltr'>putat,</span> <span class='ocrx_word' id='word_1_337' title='bbox 1100 4177 1243 4245; x_wconf 87' lang='lat' dir='ltr'>indignum</span> <span class='ocrx_word' id='word_1_338' title='bbox 1262 4193 1318 4230; x_wconf 90' lang='lat' dir='ltr'>esse</span> <span class='ocrx_word' id='word_1_339' title='bbox 1334 4176 1441 4230; x_wconf 83' lang='lat' dir='ltr'>ridetur</span> <span class='ocrx_word' id='word_1_340' title='bbox 1459 4189 1563 4228; x_wconf 88' lang='lat' dir='ltr'>summo</span> 
     </span>
     <span class='ocr_line' id='line_1_37' title="bbox 328 4262 1094 4332; baseline 0.005 -17"><span class='ocrx_word' id='word_1_341' title='bbox 328 4265 407 4332; x_wconf 90' lang='lat' dir='ltr'>poeta</span> <span class='ocrx_word' id='word_1_342' title='bbox 426 4263 470 4329; x_wconf 85' lang='lat' dir='ltr'>(cf.</span> <span class='ocrx_word' id='word_1_343' title='bbox 489 4263 579 4332; x_wconf 84' lang='lat' dir='ltr'>Bergk</span> <span class='ocrx_word' id='word_1_344' title='bbox 597 4262 669 4316; x_wconf 84' lang='lat' dir='ltr'>HIst.</span> <span class='ocrx_word' id='word_1_345' title='bbox 687 4265 746 4317; x_wconf 89' lang='lat' dir='ltr'>litt.</span> <span class='ocrx_word' id='word_1_346' title='bbox 764 4263 810 4316; x_wconf 83' lang='lat' dir='ltr'>Gr.</span> <span class='ocrx_word' id='word_1_347' title='bbox 829 4264 860 4318; x_wconf 92' lang='lat' dir='ltr'>II</span> <span class='ocrx_word' id='word_1_348' title='bbox 879 4269 930 4316; x_wconf 78' lang='lat'>372</span> <span class='ocrx_word' id='word_1_349' title='bbox 949 4263 1094 4330; x_wconf 83' lang='lat' dir='ltr'>edn.1ao).</span> 
     </span>
    </p>
   </div>
   <div class='ocr_carea' id='block_1_7' title="bbox 328 4373 1566 4790">
    <p class='ocr_par' dir='ltr' id='par_1_7' title="bbox 328 4373 1566 4790">
     <span class='ocr_line' id='line_1_38' title="bbox 433 4373 1562 4444; baseline -0.004 -15"><span class='ocrx_word' id='word_1_350' title='bbox 433 4378 456 4442; x_wconf 81' lang='lat'>²)</span> <span class='ocrx_word' id='word_1_351' title='bbox 484 4375 666 4430; x_wconf 88' lang='lat' dir='ltr'>Stratonicum</span> <span class='ocrx_word' id='word_1_352' title='bbox 689 4377 721 4429; x_wconf 92' lang='lat' dir='ltr'>de</span> <span class='ocrx_word' id='word_1_353' title='bbox 743 4376 844 4431; x_wconf 87' lang='lat' dir='ltr'>fidibus</span> <span class='ocrx_word' id='word_1_354' title='bbox 874 4377 987 4430; x_wconf 83' lang='lat' dir='ltr'>canendi</span> <span class='ocrx_word' id='word_1_355' title='bbox 1014 4380 1072 4429; x_wconf 87' lang='lat' dir='ltr'>arte</span> <span class='ocrx_word' id='word_1_356' title='bbox 1098 4391 1180 4444; x_wconf 85' lang='lat' dir='ltr'>quam</span> <span class='ocrx_word' id='word_1_357' title='bbox 1209 4376 1322 4429; x_wconf 82' lang='lat' dir='ltr'>maxime</span> <span class='ocrx_word' id='word_1_358' title='bbox 1350 4373 1478 4431; x_wconf 88' lang='lat' dir='ltr'>meritum</span> <span class='ocrx_word' id='word_1_359' title='bbox 1506 4388 1562 4426; x_wconf 88' lang='lat' dir='ltr'>esse</span> 
     </span>
     <span class='ocr_line' id='line_1_39' title="bbox 328 4458 1565 4531; baseline -0.002 -17"><span class='ocrx_word' id='word_1_360' title='bbox 328 4462 445 4515; x_wconf 89' lang='lat' dir='ltr'>testatur</span> <span class='ocrx_word' id='word_1_361' title='bbox 457 4460 576 4515; x_wconf 87' lang='lat' dir='ltr'>Phanias</span> <span class='ocrx_word' id='word_1_362' title='bbox 594 4464 841 4530; x_wconf 84' lang='grc' dir='ltr'>ὁπεριπατητικὸς</span> <span class='ocrx_word' id='word_1_363' title='bbox 860 4464 891 4516; x_wconf 83' lang='grc' dir='ltr'>ὲν</span> <span class='ocrx_word' id='word_1_364' title='bbox 911 4463 1038 4531; x_wconf 82' lang='grc' dir='ltr'>δευτέρῳ</span> <span class='ocrx_word' id='word_1_365' title='bbox 1056 4465 1119 4530; x_wconf 88' lang='grc' dir='ltr'>περί</span> <span class='ocrx_word' id='word_1_366' title='bbox 1137 4467 1266 4529; x_wconf 82' lang='grc' dir='ltr'>ποιητῶν</span> <span class='ocrx_word' id='word_1_367' title='bbox 1280 4460 1355 4528; x_wconf 87' lang='lat' dir='ltr'>(Ath.</span> <span class='ocrx_word' id='word_1_368' title='bbox 1369 4458 1440 4514; x_wconf 89' lang='lat' dir='ltr'>VIII</span> <span class='ocrx_word' id='word_1_369' title='bbox 1453 4463 1503 4512; x_wconf 77' lang='lat'>362</span> <span class='ocrx_word' id='word_1_370' title='bbox 1516 4458 1544 4525; x_wconf 87' lang='lat' dir='ltr'>d)</span> <span class='ocrx_word' id='word_1_371' title='bbox 1558 4476 1565 4521; x_wconf 88' lang='lat'>;</span> 
     </span>
     <span class='ocr_line' id='line_1_40' title="bbox 328 4544 1565 4616; baseline -0.002 -16"><span class='ocrx_word' id='word_1_372' title='bbox 328 4549 356 4600; x_wconf 89' lang='lat' dir='ltr'>et</span> <span class='ocrx_word' id='word_1_373' title='bbox 367 4550 532 4616; x_wconf 87' lang='grc' dir='ltr'>κιθαριστὴς</span> <span class='ocrx_word' id='word_1_374' title='bbox 551 4550 633 4602; x_wconf 88' lang='lat' dir='ltr'>etiam</span> <span class='ocrx_word' id='word_1_375' title='bbox 652 4564 668 4600; x_wconf 90' lang='lat' dir='ltr'>a</span> <span class='ocrx_word' id='word_1_376' title='bbox 690 4547 818 4603; x_wconf 75' lang='lat' dir='ltr'>clearcho</span> <span class='ocrx_word' id='word_1_377' title='bbox 837 4547 913 4614; x_wconf 81' lang='lat' dir='ltr'>(Ath.</span> <span class='ocrx_word' id='word_1_378' title='bbox 926 4547 995 4602; x_wconf 90' lang='lat' dir='ltr'>VIII</span> <span class='ocrx_word' id='word_1_379' title='bbox 1014 4553 1063 4601; x_wconf 78' lang='grc'>347</span> <span class='ocrx_word' id='word_1_380' title='bbox 1077 4549 1095 4614; x_wconf 83' lang='grc' dir='ltr'>ί,</span> <span class='ocrx_word' id='word_1_381' title='bbox 1116 4548 1196 4614; x_wconf 76' lang='lat' dir='ltr'>scel)</span> <span class='ocrx_word' id='word_1_382' title='bbox 1214 4563 1317 4616; x_wconf 86' lang='lat' dir='ltr'>semper</span> <span class='ocrx_word' id='word_1_383' title='bbox 1335 4547 1498 4600; x_wconf 76' lang='lat' dir='ltr'>nommetur.</span> <span class='ocrx_word' id='word_1_384' title='bbox 1519 4544 1565 4597; x_wconf 89' lang='lat' dir='ltr'>sed</span> 
     </span>
     <span class='ocr_line' id='line_1_41' title="bbox 328 4630 1564 4705; baseline -0.001 -20"><span class='ocrx_word' id='word_1_385' title='bbox 328 4633 357 4685; x_wconf 93' lang='lat' dir='ltr'>in</span> <span class='ocrx_word' id='word_1_386' title='bbox 376 4632 514 4688; x_wconf 83' lang='lat' dir='ltr'>Machanis</span> <span class='ocrx_word' id='word_1_387' title='bbox 537 4638 632 4704; x_wconf 88' lang='lat' dir='ltr'>poetae</span> <span class='ocrx_word' id='word_1_388' title='bbox 655 4634 774 4689; x_wconf 86' lang='lat' dir='ltr'>versibus</span> <span class='ocrx_word' id='word_1_389' title='bbox 795 4634 870 4700; x_wconf 88' lang='lat' dir='ltr'>(Ath.</span> <span class='ocrx_word' id='word_1_390' title='bbox 885 4630 953 4688; x_wconf 85' lang='lat' dir='ltr'>VIII</span> <span class='ocrx_word' id='word_1_391' title='bbox 970 4638 1019 4688; x_wconf 84' lang='grc'>348</span> <span class='ocrx_word' id='word_1_392' title='bbox 1037 4639 1087 4705; x_wconf 90' lang='lat' dir='ltr'>sq.)</span> <span class='ocrx_word' id='word_1_393' title='bbox 1110 4635 1271 4703; x_wconf 83' lang='grc' dir='ltr'>κιθαρῳδὸς</span> <span class='ocrx_word' id='word_1_394' title='bbox 1294 4632 1389 4686; x_wconf 80' lang='lat' dir='ltr'>audii:</span> <span class='ocrx_word' id='word_1_395' title='bbox 1420 4631 1564 4700; x_wconf 87' lang='lat' dir='ltr'>utriusque</span> 
     </span>
     <span class='ocr_line' id='line_1_42' title="bbox 328 4716 1566 4790; baseline 0 -18"><span class='ocrx_word' id='word_1_396' title='bbox 328 4718 414 4787; x_wconf 82' lang='lat' dir='ltr'>igitur</span> <span class='ocrx_word' id='word_1_397' title='bbox 432 4720 545 4776; x_wconf 87' lang='lat' dir='ltr'>fortasse</span> <span class='ocrx_word' id='word_1_398' title='bbox 563 4724 630 4776; x_wconf 86' lang='lat' dir='ltr'>artis</span> <span class='ocrx_word' id='word_1_399' title='bbox 649 4722 750 4790; x_wconf 91' lang='lat' dir='ltr'>peritus</span> <span class='ocrx_word' id='word_1_400' title='bbox 768 4723 842 4786; x_wconf 89' lang='lat' dir='ltr'>erat;</span> <span class='ocrx_word' id='word_1_401' title='bbox 862 4721 893 4775; x_wconf 90' lang='lat' dir='ltr'>de</span> <span class='ocrx_word' id='word_1_402' title='bbox 912 4721 1059 4776; x_wconf 88' lang='lat' dir='ltr'>Stratonici</span> <span class='ocrx_word' id='word_1_403' title='bbox 1077 4720 1230 4789; x_wconf 71' lang='lat' dir='ltr'>itineribus·</span> <span class='ocrx_word' id='word_1_404' title='bbox 1249 4719 1283 4777; x_wconf 84' lang='lat' dir='ltr'>cf.</span> <span class='ocrx_word' id='word_1_405' title='bbox 1302 4719 1368 4776; x_wconf 85' lang='lat' dir='ltr'>Ath.</span> <span class='ocrx_word' id='word_1_406' title='bbox 1387 4716 1459 4773; x_wconf 87' lang='lat' dir='ltr'>VIII</span> <span class='ocrx_word' id='word_1_407' title='bbox 1478 4720 1530 4772; x_wconf 79' lang='lat'>350</span> <span class='ocrx_word' id='word_1_408' title='bbox 1542 4733 1566 4772; x_wconf 87' lang='lat' dir='ltr'>e.</span> 
     </span>
    </p>
   </div>
   <div class='ocr_carea' id='block_1_8' title="bbox 0 0 1806 5356">
    <p class='ocr_par' dir='ltr' id='par_1_8' title="bbox 0 0 1806 5356">
     <span class='ocr_line' id='line_1_43' title="bbox 0 0 1806 5356; baseline 0 2"><span class='ocrx_word' id='word_1_409' title='bbox 0 0 1806 5356; x_wconf 95' lang='lat' dir='ltr'> </span> 
     </span>
    </p>
   </div>
  </div>
 </body>
</html>
