3604 5356
1440 449 1483 512 13

243 639 348 704 turin
373 636 498 701 Pindari
533 634 598 698 vita
633 633 746 716 codicis
770 632 940 707 Vratislav.
965 633 994 696 A
1020 634 1161 714 (Pindari
1192 654 1262 718 opp,
1286 638 1331 702 ed.
1356 638 1481 704 Boeokh

243 749 271 812 ll
298 744 370 820 199)
396 741 592 806 διδάσκαλον
626 741 678 806 δὲ,
697 737 795 801 αὐτοῦ
818 735 989 814 Ἀθήνησιν
1012 738 1042 802 οἱ
1065 741 1122 815 μὲν
1145 737 1356 817 Ἀγαθοκλέα,
1390 743 1421 807 οἱ
1445 743 1481 806 δὲ

242 844 493 922 Ἀπολλόδωρον
515 841 674 917 λέγουσιν,
709 839 746 902 ὃν
769 840 819 902 καί
843 839 1081 918 προιστάμενον
1111 845 1246 906 κυκλίων
1271 849 1378 923 χορῶν
1402 844 1480 908 ἀπο-

242 950 406 1030 δραμόντα
429 949 597 1009 πιστεῦσαι
620 945 676 1021 τὴν
700 943 906 1010 διδασκαλίαν
936 948 981 1026 τῷ
1012 943 1164 1029 Πινδάρῳ
1196 949 1282 1011 παιδί
1307 945 1390 1024 ὄντι,
1422 949 1485 1010 τὸν

243 1056 280 1118 δὲ
302 1051 338 1117 εὖ
362 1048 635 1125 διακοσμήσαντα·Ι
648 1033 820 1135 διαβόητον
842 1047 1002 1120 γενέσθαι.
1027 1045 1201 1111 Simonides
1218 1067 1339 1130 quoque
1356 1050 1485 1114 saeculo

245 1154 353 1237 quinto
377 1152 506 1214 ineunte
521 1166 556 1211 er
573 1147 735 1213 Thessalia
747 1131 888 1213 Atheiras
905 1148 1034 1213 rediisse
1057 1149 1191 1214 videtur.
1211 1153 1300 1218 euius
1317 1155 1483 1218 victoriam

244 1259 282 1322 α.
297 1254 380 1333 rae
399 1253 475 1334 (aaa
490 1270 516 1316 a.
531 1239 616 1332 οωλ
634 1251 824 1332 reportatam
843 1250 947 1316 ceron.
962 1251 1091 1315 narrum
1107 1253 1179 1318 rec
1196 1238 1243 1338 ηιξ
1254 1255 1296 1318 ιο
1313 1257 1362 1320 ns
1380 1256 1485 1321 veroa

208 1411 209 1416 ,
243 1359 481 1424 commemorat:
506 1347 564 1435 ἀφ’
588 1355 626 1419 οὗ
650 1345 828 1435 Σιμωνίδης
843 1351 871 1418 Ιὁ
895 1357 1074 1433 Σιμωνίδου
1104 1359 1238 1423 πάππος
1265 1365 1322 1438 τοῦ
1345 1364 1483 1438 ποιητοῦ

242 1462 374 1540 ποιητὴς
400 1461 445 1523 ὢν
468 1461 519 1524 καί
544 1445 665 1542 [odada
688 1463 757 1543 νικᾷ
775 1457 961 1546 ”Αθή]νησι,’
991 1481 1023 1524 ν.
1038 1507 1044 1523 .
1059 1467 1071 1524 .’
1081 1507 1173 1526 .....
1205 1445 1362 1554 ᾄρχοντος
1392 1461 1483 1541 Ἀθή-

242 1581 336 1642 νησιν
358 1563 556 1641 Ἀριστείδου
568 1559 604 1646 ¹).
643 1580 737 1643 quarn
768 1553 946 1640 victoriam,
971 1557 1052 1626 'cum
1082 1561 1150 1625 sine
1174 1565 1266 1626 dnbio
1291 1564 1364 1652 non¹
1381 1564 1486 1646 prima

244 1666 339 1730 fuerit
372 1668 481 1747 poetae
514 1656 590 1729 tum'
614 1665 693 1728 fere·
715 1666 944 1746 septuagenarii
981 1680 1079 1748 neque
1114 1666 1248 1746 scriptor
1275 1667 1386 1732 Parius
1418 1668 1485 1730 eius

245 1769 328 1833 modi
366 1765 513 1832 victorias
554 1769 778 1832 commemoret
818 1768 879 1831 nisi
912 1767 1017 1849 aliqua
1052 1768 1089 1832 de
1124 1753 1216 1834 causa
1251 1761 1485 1854 memorabiles,

245 1871 384 1935 homines
408 1870 492 1934 docti
521 1881 645 1936 summa
676 1890 745 1934 cum
768 1863 988 1953 probabilitate
1018 1872 1056 1936 ad
1080 1871 1213 1954 elegiam
1236 1873 1326 1941 illam
1350 1874 1485 1937 rettule-

246 1978 328 2049 runt,
354 1991 414 2054 qua
438 1973 630 2056 Aeschylum
655 1974 692 2037 ab
717 1991 751 2037 eo
775 1973 895 2038 rictum
918 1993 983 2037 esse
1005 1959 1177 2056 τωτιαιιίί)Ι
1202 1975 1257 2059 (of.
1280 1977 1346 2043 nita
1368 1977 1482 2041 Aesoh.

247 2096 275 2158 p.
300 2079 365 2144 380
386 2076 567 2143 Kirchhoff:
604 2079 706 2156 ἀπῆρε
730 2076 757 2142 δ’
781 2079 827 2144 us
853 2079 977 2156 Ἱέρωνα
1006 2129 1121 2147 ......
1152 2081 1254 2164 ἐντῷ
1279 2080 1324 2146 εἰς
1348 2080 1425 2145 τοὺς
1450 2069 1485 2144 ἐν

247 2182 424 2260 Μαραθῶνι
446 2180 641 2258 τεθνηκότας
664 2181 790 2264 ἐλεγείῳ
820 2182 977 2261 ἡσσηθεὶς
1001 2184 1184 2266 Σιμωνίδῃ).
1220 2189 1356 2264 quantus
1378 2184 1485 2248 autern

248 2289 407 2367 poetarum
432 2277 620 2348 certantium
654 2285 922 2366 certaminumque
957 2286 1054 2349 fuerit
1088 2305 1247 2365 numerus,
1278 2285 1348 2349 inde
1378 2287 1487 2367 potest

248 2388 370 2470 colligi,
405 2389 485 2470 quod
515 2387 691 2453 Simonides
715 2379 749 2451 se‘
770 2388 996 2470 quinquaginta
1020 2393 1051 2453 et
1073 2409 1126 2454 sex
1149 2381 1296 2453 victorias
1320 2389 1485 2452 chororum
1560 2414 1561 2417 ¹

248 2491 281 2555 in
305 2492 455 2573 agonibus
479 2494 654 2572 reportasse
677 2475 920 2582 ipsegloriatur
943 2492 1051 2574 (epigr.
1071 2493 1131 2556 145
1147 2493 1209 2576 λλ),
1227 2493 1485 2575 quarummaior

240 2613 319 2676 *pars
342 2595 407 2660 sine
430 2595 524 2659 dubio
547 2593 680 2659 Athenis
703 2599 793 2677 parta
815 2595 888 2660 est⁸¹
906 2595 938 2674 et
964 2594 1176 2664 ,celeberrima
1200 2596 1232 2658 in
1255 2595 1364 2677 primis
1386 2596 1488 2677 ipsius

248 2699 356 2780 poetae
378 2699 603 2780 epigrammate
636 2698 793 2780 (leniat
811 2697 940 2762 victoria
970 2702 1035 2762 erat
1066 2699 1122 2762 illa
1145 2699 1314 2763 Adimante
1338 2699 1487 2762 archonte

249 2805 445 2882 comparata,
483 2802 521 2867 ef.
551 2801 654 2866 chron.
679 2789 750 2866 Par.
775 2802 796 2864 λ.
822 2801 863 2866 70
893 2820 939 2884 ep.
968 2801 1025 2879 54,
1058 2802 1111 2866 ubi
1140 2799 1243 2866 verbis
1273 2804 1489 2882 ..inperciens

251 2903 502 2983 ὁΛεωπρέπους
525 2906 729 2983 ...ἐνίκησεν
751 2904 922 2990 Ἀθήνησιν
946 2905 1152 2969 διδάσκων
1175 2903 1244 2985 ipsa
1259 2909 1368 2984 poetae
1391 2905 1488 2967 verba

251 3007 473 3087 respiciuntur:
576 3042 580 3047 -
755 3011 757 3018 '
1371 3021 1375 3030 ’

347 3187 453 3194 mnu-m..

356 3301 374 3364 ¹)
393 3299 432 3350 De
458 3297 500 3349 his
527 3294 616 3350 verbis
644 3294 805 3348 sententiam
833 3309 984 3362 perversam
1011 3292 1150 3360 proposuit
1177 3291 1260 3346 Flaeh
1289 3291 1396 3359 (Chron.
1424 3292 1488 3350 Par.

187 3447 189 3451 Ι
251 3398 275 3450 p.
287 3387 328 3437 23.
343 3379 447 3438 Grieeh.
458 3380 542 3451 Lyrilr'
555 3399 579 3451 p.
590 3379 640 3434 612
653 3381 712 3435 adn.
726 3383 759 3448 1),
778 3379 825 3449 qui
843 3380 979 3434 hominem
998 3379 1076 3432 illum
1095 3378 1136 3432 ita
1154 3379 1276 3446 ineptum
1295 3378 1378 3432 fuisse
1398 3382 1488 3446 putat,

252 3473 282 3522 ut
301 3485 348 3537 pro
368 3470 588 3536 Σιμ.’ἀπόγονος
607 3467 765 3535 Σιμωνίδου
785 3472 906 3533 ποιητοθ
927 3461 1012 3530 ὄντος
1030 3469 1076 3518 καί
1096 3466 1187 3519 αὐτοῦ
1206 3481 1237 3518 ea
1251 3466 1395 3533 scripserit,
1416 3481 1488 3532 quae

252 3573 323 3608 nune
342 3557 476 3626 leguntur.
508 3555 553 3609 scd
572 3556 604 3608 de
623 3554 770 3608 Simonidis
788 3554 895 3622 nepotis
915 3553 1027 3606 victoria
1050 3551 1126 3605 nullo
1141 3543 1227 3605 modo
1250 3555 1340 3620 potest
1363 3551 1489 3620 cogitari,

252 3643 349 3711 quippe
376 3643 435 3711 qui,
464 3627 515 3696 etsi
535 3657 558 3696 a.
578 3645 628 3694 489
657 3641 726 3693 circa
744 3640 844 3711 viginti
872 3655 955 3692 annos
984 3641 1077 3693 natum
1107 3653 1166 3692 eum
1193 3636 1276 3690 luisse
1303 3637 1488 3703 concedamus,

254 3744 304 3781 nou
324 3729 423 3797 lyricus
436 3728 519 3782 fuerit
538 3731 626 3796 poeta,
643 3725 690 3779 sed
701 3725 889 3792 γενεαλογίαν
903 3727 933 3779 ἐν
948 3724 1061 3792 βιβλίοις
1079 3725 1115 3790 γ’,
1129 3723 1277 3791 εὑρήματα
1290 3723 1321 3776 ἐν
1336 3721 1449 3788 βιβλίοις
1460 3723 1491 3787 γ’

254 3813 391 3883 (Hesych.)
410 3815 554 3885 scripserit.
585 3829 639 3882 qua
657 3816 748 3866 autem
768 3814 800 3866 de
819 3829 897 3866 causa
916 3811 1028 3880 scriptor
1047 3810 1145 3864 Parius
1165 3809 1329 3862 Simonidem
1354 3825 1489 3862 summurn

254 3900 331 3954 illum
352 3903 454 3968 poetam
474 3901 511 3954 eis
529 3901 617 3955 verbis
636 3899 736 3953 additis
762 3899 796 3952 ab
814 3899 899 3952 altero
919 3897 1054 3952 Simonide
1078 3895 1228 3949 obscuriore
1246 3894 1411 3963 distinguere
1431 3897 1490 3946 stu·

253 3986 349 4052 doerit,
361 3987 450 4040 nescio
468 3984 649 4056 nequehercle
663 3987 776 4056 interest
794 3985 874 4051 scire3
894 3983 927 4038 ci.
939 3983 1037 4050 Bergln
1056 3979 1128 4036 Hist.
1138 3982 1194 4040 litt,
1207 3980 1251 4034 Gr.
1263 3980 1291 4034 ΙΙ
1309 3984 1359 4033 358
1374 3981 1435 4033 adn.
1446 3985 1491 4033 96.

254 4071 419 4125 Simonidem
438 4087 498 4125 vero
518 4074 695 4144 genealogum
713 4089 797 4141 neque
815 4089 839 4126 a.
859 4076 909 4126 489
929 4086 1013 4138 neque
1033 4073 1126 4138 postea
1144 4067 1226 4136 epicis
1250 4067 1305 4120 suis
1324 4065 1491 4120 carminibus

255 4159 369 4212 Athenis
387 4157 481 4212 vicisse
501 4158 681 4226 probabiliter
695 4160 761 4212 satis
780 4160 898 4211 statuere
918 4155 990 4209 licet.

359 4279 379 4344 ²)
398 4278 463 4332 Eius
486 4279 558 4332 modi
586 4279 732 4334 certamina
758 4279 866 4348 propius
894 4279 1020 4346 adeum,
1046 4279 1092 4348 qui
1111 4281 1153 4332 est
1170 4277 1221 4330 hac
1239 4277 1334 4342 aetate,
1354 4277 1491 4330 concerta·

254 4363 359 4416 tionum
378 4365 540 4432 poeticarum
559 4366 719 4420 accedebant
737 4381 845 4420 morem.
865 4366 972 4420 monuit
995 4365 1133 4421 Benndorf
1150 4361 1246 4431 (Ueber
1265 4361 1318 4427 das
1332 4361 1490 4430 ¹Ou'ltusbild

254 4449 300 4503 der
324 4449 432 4504 Athena
458 4449 528 4504 Nilre
553 4468 577 4520 p.
596 4455 630 4504 35
649 4451 721 4519 adn.)
751 4451 778 4504 in
806 4437 986 4504 monumentis
1013 4452 1116 4520 saepius
1143 4451 1197 4504 tria
1223 4448 1431 4516 epigrammata,
1459 4447 1489 4498 in

255 4537 375 4592 eiusdem
395 4537 434 4590 rei
451 4537 579 4592 honorem
598 4538 715 4603 condita,
734 4539 877 4593 coniuncta
894 4555 958 4604 esse,
979 4538 1007 4595 id
1025 4537 1096 4607 quod
1115 4553 1129 4590 e
1147 4535 1290 4590 certamine
1301 4533 1430 4588 instituto
1448 4547 1492 4588 ex·

254 4624 408 4694 plicandum
427 4639 482 4678 esse
501 4623 613 4678 videtur.
632 4624 756 4692 idemque
776 4624 890 4679 eontulit
908 4625 1043 4678 Athenaei
1061 4623 1147 4678 locum
1168 4620 1216 4675 XV
1236 4624 1286 4674 697
1305 4634 1331 4672 a.
