3604 5348
1430 437 1494 528 roi

257 654 331 714 ante
355 650 462 715 choros
486 647 903 732 (inearol.1111.v.1csq.,
928 647 966 713 οί.
991 649 1030 714 li.
1055 667 1084 714 r.
1110 648 1164 730 143
1190 647 1249 713 III.
1265 667 1292 712 v.
1313 649 1375 732 16),
1401 651 1492 715 modo

261 753 331 834 post
345 753 453 818 choros
469 752 514 834 (in
526 751 666 834 catalogo
680 749 706 816 Ι.
717 770 746 818 τ.
757 751 811 829 28)
827 751 1145 829 commemorantur¹).
1160 754 1269 816 eodem
1280 752 1378 834 igitur
1391 756 1492 833 modo,

259 874 319 938 quo
335 859 366 921 in
383 855 488 922 titulis
504 855 678 938 choragiois
692 856 811 919 Atticis
829 855 931 921 tribus
955 855 1074 934 victrix,
1093 856 1219 936 tibicen,
1237 856 1323 921 chori
1340 857 1492 940 magister
1554 939 1555 942 Ἴ
1655 895 1658 930 7

258 961 475 1037 nominantur,
510 959 561 1022 hic
589 976 709 1040 quoque
732 961 833 1038 χορὸς
853 958 986 1037 ’ἀνδρῶν
1015 963 1047 1023 et
1072 980 1100 1038 χ.
1124 961 1267 1042 παίδων,
1305 960 1438 1038 αὐληταὶ
1461 964 1493 1024 et

259 1063 449 1129 διδάσκαλοι
472 1065 704 1126 enumerantur.
736 1061 879 1144 magistri
902 1062 951 1126 illi
974 1063 1007 1126 in
1031 1061 1224 1126 Soteriorum
1247 1063 1391 1144 catologo
1417 1061 1490 1126 [III.

259 1185 287 1230 ν.
315 1167 352 1229 17
377 1165 565 1231 διδάσκαλοι
588 1165 734 1242 αὐλητῶν
756 1164 914 1242 dicuntur,
939 1165 1054 1247 quibus
1079 1165 1181 1230 verbis
1203 1166 1350 1247 magistri
1373 1166 1491 1248 signiti-

258 1269 321 1334 oati
345 1272 428 1352 sunt,
452 1273 508 1332 aut
526 1267 598 1350 quia
620 1267 808 1332 tibicinibus
832 1269 921 1349 quasi
946 1269 1065 1332 addicti
1089 1267 1187 1347 e'rant,
1213 1269 1269 1332 aut
1290 1270 1396 1349 potius
1419 1271 1493 1350 quia

260 1372 405 1455 magistri
421 1373 511 1434 erant
526 1369 655 1449 ἀνδρῶν
671 1372 820 1447 αὐλητῶν
843 1373 874 1433 et
896 1371 1022 1435 παίδων
1046 1370 1203 1448 αὐλητῶν,
1227 1372 1265 1435 of.
1283 1390 1377 1451 supra
1391 1391 1421 1454 p.
1438 1369 1492 1434 59.

259 1493 332 1540 cum
356 1492 427 1539 uero
450 1490 590 1538 assarum
614 1472 764 1536 tibiarum
788 1473 914 1536 cantum
938 1472 1068 1537 Soteriis
1103 1490 1227 1554 prorsus
1259 1475 1393 1538 defuisse
1426 1473 1492 1537 reri

181 1638 184 1643 .
258 1577 363 1642 simile
385 1595 447 1641 non
470 1578 510 1639 sit
518 1623 527 1656 ,
561 1575 765 1640 statuendum
788 1577 912 1640 videtur
935 1579 1057 1641 eosdem
1081 1576 1226 1640 tibicines
1249 1577 1386 1657 primum
1411 1577 1493 1641 inter·

256 1680 381 1746 ssessis
405 1680 492 1744 tibiis
516 1683 658 1745 cantasse
682 1680 714 1742 et
735 1679 847 1743 deindo
870 1681 970 1744 choris
1003 1679 1068 1744 illis
1103 1681 1302 1745 succinuisse.
1350 1679 1381 1744 id
1409 1680 1491 1761 quod

257 1803 396 1850 summos
434 1802 554 1866 qrroque
585 1782 729 1847 tibicines
770 1782 879 1846 fecisse
921 1784 1138 1848 demonstrent
1172 1803 1224 1862 ea,
1261 1801 1337 1864 quae
1376 1781 1492 1847 Chares

258 1889 347 1971 (Atb.
371 1887 431 1951 ΧΠ
459 1887 522 1950 538
554 1889 613 1968 sq.)
648 1889 686 1950 de
709 1884 932 1950 certaminibus
957 1887 995 1950 ab
1019 1887 1194 1952 Alexandro
1220 1885 1308 1976 Susis
1331 1885 1490 1950 institutis

256 1995 379 2056 narrat:
402 1994 567 2068 παρῆλθον
595 1991 631 2054 δὲ
654 1992 705 2053 καί
728 1990 869 2070 αὐληταί,
904 1990 938 2052 οἳ
966 1993 1097 2066 πρῶτον
1120 1991 1157 2054 τὸ
1181 1991 1317 2055 παθικὸν
1338 1989 1492 2068 ηὐλησαν,

257 2089 316 2167 εἷθῘ
331 2095 404 2172 ἑξῆς
426 2095 505 2173 μετὰ
528 2097 593 2158 τῶν
616 2096 724 2170 χορῶν
746 2093 902 2170 Τιμόθεος
926 2093 1086 2170 Φρύνιχος
1111 2095 1269 2172 Καφισίας
1289 2093 1491 2172 Διόφαντος,

256 2198 301 2261 ἔτι
328 2200 365 2263 δὲ
389 2197 485 2261 Εὔιος
509 2195 528 2260 ὁ
549 2196 731 2260 Χαλκιδεύς.
758 2196 811 2275 qui
834 2195 921 2258 loeus
945 2213 980 2258 eo
1003 2196 1129 2260 maioris
1154 2196 1306 2261 momenti
1329 2201 1387 2272 est,
1410 2197 1491 2276 quod

256 2301 289 2363 in
313 2298 425 2364 ceteris
459 2314 581 2379 quoque
603 2299 695 2361 rebus
720 2313 833 2378 agones
858 2296 907 2360 illi
930 2297 1099 2362 Alexandri
1140 2317 1233 2379 quam
1256 2299 1390 2364 maxime
1420 2287 1497 2361 oum

205 2402 213 2440 '·
258 2402 449 2468 Soteriorum
473 2399 695 2464 certaminibus
719 2405 910 2482 congruunt;
941 2419 1014 2464 nam
1038 2399 1125 2464 Susis
1149 2402 1181 2464 iu
1204 2418 1347 2465 scaenam
1371 2401 1490 2482 prodie-

256 2508 332 2570 runt
348 2504 515 2590 ῥαψῳδός,
529 2503 793 2583 ψιλοκιθαρισταί,
807 2504 989 2588 κιθαρῳδοί,
1006 2503 1157 2587 αὐλῳδοί,
1174 2502 1241 2583 (ηαί
1257 2502 1289 2567 in
1299 2501 1490 2568 Soteriorum

256 2610 404 2690 agonibus
428 2627 490 2672 non
514 2608 701 2688 certabant),
738 2607 884 2684 αὐληταί,
909 2589 1044 2684 αὐληταί
1068 2607 1146 2686 μετὰ
1170 2610 1294 2685 χορῶν,
1332 2607 1492 2691 τραγῳδοί

259 2715 366 2794 (tres),
390 2713 542 2797 κωμῳδοί
569 2711 677 2792 (tres),
702 2712 837 2791 ψάλτης.
869 2713 895 2775 si
918 2713 1016 2792 igitur
1038 2711 1071 2774 in
1095 2711 1238 2791 catalogo
1263 2713 1302 2774 li.
1329 2707 1356 2774 ν.
1383 2708 1423 2772 14
1445 2727 1492 2790 sq.
1596 2755 1597 2758 ,
1723 2715 1792 2764 ι

181 2871 189 2892 ,
241 2817 338 2881 recte
362 2817 426 2880 tres
450 2814 603 2879 nominati
626 2817 701 2878 sunt
724 2813 885 2890 tibicines,
919 2814 973 2878 hos
997 2831 1103 2878 omnes
1131 2816 1213 2879 inter
1240 2832 1272 2878 se
1295 2812 1332 2876 de
1355 2812 1492 2894 praemio
1702 2813 1707 2832 ”
1736 2795 1792 2860 ·ῗ’

255 2920 333 2984 assis
373 2917 459 2982 tibiis
497 2918 686 2993 decertasse,
717 2917 793 2984 duos
834 2917 946 2997 postea
983 2916 1085 2982 choris
1123 2916 1314 2980 succinuisse
1350 2917 1491 2980 statuen-

239 3023 331 3088 dum
356 3025 413 3085 est.

358 3148 504 3231 Singulos
538 3149 676 3214 virorum
711 3166 940 3229 puerorumque
974 3148 1080 3212 choros
1102 3147 1150 3212 ita
1172 3147 1288 3212 divisos
1320 3145 1432 3226 fuisse,
1456 3146 1495 3208 ut

257 3251 345 3336 quini
379 3252 477 3315 artius
511 3251 592 3316 inter
626 3271 659 3316 se
693 3252 958 3334 coniungerentur
996 3253 1029 3316 et
1064 3253 1149 3316 certo
1179 3250 1245 3316 loeo
1279 3249 1493 3331 unusquisque

256 3354 413 3420 nominari
436 3356 565 3433 soleret,
596 3357 686 3419 acuto
709 3355 866 3437 perspexit
890 3357 927 3419 A.
945 3354 1118 3420 Mommsen
1149 3353 1171 3417 l.
1195 3374 1223 3420 c.
1246 3372 1275 3435 p.
1299 3355 1378 3436 2183
1415 3369 1493 3434 quo·

255 3477 326 3524 rum
356 3460 408 3540 qui
431 3461 531 3541 primo
555 3459 622 3524 loeo
646 3460 765 3541 scripti,
780 3459 854 3523 sunt
889 3458 1067 3523 et‘maiore
1089 3464 1157 3524 arte
1180 3459 1246 3522 sine
1269 3456 1365 3520 dubio
1388 3455 1491 3528 cnoel-

257 3563 323 3626 lere
346 3562 513 3642 debebant,
537 3562 681 3644 componi
704 3567 834 3643 possunt
858 3579 929 3626 cum
947 3561 1012 3625 illis
1028 3560 1216 3638 hominibus,
1240 3560 1294 3640 qui
1319 3559 1389 3624 aliis
1412 3559 1489 3625 locis

256 3669 427 3745 κορυφαῖοι
450 3669 506 3730 eut
521 3665 676 3745 ἡγεμόνες
695 3664 853 3730 dicuntur.
876 3681 1008 3745 quorum
1023 3661 1245 3728 auctoritatem
1262 3662 1343 3731 baud
1359 3679 1491 3744 parvam

260 3827 462 3840 —···=·-·······—⁴

359 3917 379 3978 ¹)
399 3914 540 3967 Artificum
560 3913 660 3967 indices
679 3914 746 3966 satis
765 3913 938 3982 neglegenter
956 3913 1058 3966 exarati
1077 3915 1141 3966 sunt
1165 3907 1218 3979 it'a,
1236 3916 1269 3966 ut
1287 3929 1364 3980 saepe
1382 3912 1492 3964 nomina

255 3999 353 4052 omissa
371 3998 429 4053 sint
446 3998 553 4066 aliaque
571 3999 680 4052 subsint
699 3999 802 4052 mendo.
834 3999 862 4052 in
881 4001 1006 4069 catalogo
1025 3998 1063 4054 11.
1083 4015 1107 4056 ι.
1129 4006 1160 4054 14
1179 4017 1217 4069 sq.
1237 4004 1294 4054 tres
1313 3999 1491 4052 nominantur

257 4084 395 4150 tibicines,
426 4085 519 4140 nullus
538 4086 680 4152 magister3
712 4088 741 4137 at
760 4083 912 4138 referendus
931 4089 972 4140 est
990 4087 1042 4138 huo
1061 4086 1117 4138 eine
1142 4085 1223 4140 dubio
1251 4087 1299 4152 iile
1322 4085 1490 4145 διδάσκαλος

252 4171 404 4238 Πρόνομος
422 4171 611 4236 Διογείτονος
631 4171 779 4234 Βοιώτιος,
798 4170 844 4238 qui
863 4187 886 4223 ν.
906 4176 940 4224 80
958 4171 1069 4225 additus
1087 4175 1136 4224 est.
1155 4172 1184 4224 in
1202 4171 1326 4237 catalogo
1345 4169 1398 4224 111.
1418 4185 1443 4221 v.
1460 4175 1489 4219 lo

257 4273 326 4310 unus
345 4258 499 4310 nominetur
527 4256 642 4321 tibicen,
670 4258 712 4310 cui
739 4259 797 4310 sine
821 4257 903 4312 dubio
931 4258 1066 4312 addendus
1093 4261 1135 4311 est
1162 4259 1289 4324 αὐλητὴς
1321 4255 1490 4324 Ἐπικράτης

253 4337 430 4408 ‘coenosos
450 4345 586 4407 Βοιώτιος
605 4344 703 4397 ultimo
721 4346 778 4399 loco
796 4347 832 4412 (v.
844 4349 887 4411 82)
905 4344 1018 4412 positus.
1036 4343 1065 4396 in
1076 4344 1169 4422 eodem
1187 4344 1310 4412 catalogo
1324 4341 1385 4411 post
1397 4342 1492 4395 choros

257 4432 376 4484 virorum
394 4447 462 4483 unus
482 4432 597 4499 scriptus
616 4432 657 4483 est
677 4431 846 4494 διδάσκαλος
864 4448 889 4484 ν.
904 4436 949 4484 47.
968 4430 996 4484 in
1014 4431 1139 4497 catologo
1159 4429 1182 4484 1.
1203 4431 1239 4496 (ν.
1252 4433 1286 4482 28
1304 4431 1355 4496 sq.)
1374 4431 1401 4484 ct
1418 4427 1489 4482 1111.

254 4521 291 4581 (v.
311 4521 343 4570 lo
361 4519 412 4584 sq.)
437 4515 496 4570 bini
523 4515 649 4568 tibicines
676 4518 704 4569 et
732 4515 790 4570 bini
815 4517 941 4585 magistri
966 4517 1147 4570 nominantur.
1177 4514 1249 4567 nihil
1278 4517 1367 4568 autem
1390 4512 1490 4577 obstat,

252 4602 396 4670 quominus
424 4619 502 4670 saepo
529 4601 641 4656 eundem
668 4600 803 4657 hominem
831 4607 858 4656 et
886 4617 1027 4671 puerorum
1050 4602 1078 4654 ot
1102 4601 1219 4653 virorum
1242 4599 1337 4654 choros
1367 4599 1493 4654 docuisse

252 4691 412 4743 statuamus.
